Date,Description,Debit,Credit,Balance
20-Aug-20,Interest,0,"36,393.59","36,393.58"
20-Aug-20,Debit Card,0,"4,043.73","32,349.85"
20-Aug-20,Purchase,2.89,0,"32,352.74"
20-Aug-20,Bill,63,0,"32,415.74"
20-Aug-20,Interest,"76,769.60",0,"109,185.34"
20-Aug-20,Bill,"94,207.31",0,"203,392.65"
20-Aug-20,Transfer,0,"203,392.65",0
20-Aug-20,Commission,39.73,0,39.73
20-Aug-20,Tax,"89,652.00",0,"89,691.73"
20-Aug-20,Cash,0,"44,845.87","44,845.86"
21-Aug-20,NEFT,41.91,0,"44,887.77"
21-Aug-20,Interest,0,"7,481.30","37,406.48"
21-Aug-20,ATM,0,"5,343.78","32,062.70"
21-Aug-20,Miscellaneous,"3,156.41",0,"35,219.11"
21-Aug-20,Cash,"6,157.03",0,"41,376.14"
21-Aug-20,Debit Card,0,"6,896.02","34,480.12"
21-Aug-20,Transfer,"1,266.60",0,"35,746.72"
22-Aug-20,Purchase,"208,917.44",0,"244,664.16"
22-Aug-20,ATM,"23,265.40",0,"267,929.56"
22-Aug-20,NEFT,0,"53,585.91","214,343.65"
22-Aug-20,IMPS,0,"21,434.37","192,909.28"
22-Aug-20,Miscellaneous,0,"27,558.47","165,350.81"
22-Aug-20,Interest,0,"41,337.70","124,013.11"
22-Aug-20,Commission,282.72,0,"124,295.83"
22-Aug-20,Tax,2,0,"124,297.83"
22-Aug-20,Transfer,0,"15,537.23","108,760.60"
22-Aug-20,Cheque,"13,904.77",0,"122,665.37"
22-Aug-20,Transfer,0,"122,665.37",0
22-Aug-20,Reversal,"149,499.80",0,"149,499.80"
22-Aug-20,Commission,"959,996.00",0,"1,109,495.80"
22-Aug-20,Cash,0,"221,899.16","887,596.64"
22-Aug-20,Cash,0,"126,799.52","760,797.12"
22-Aug-20,Transfer,2.45,0,"760,799.57"
22-Aug-20,Purchase,2,0,"760,801.57"
22-Aug-20,Miscellaneous,0,"108,685.94","652,115.63"
22-Aug-20,Debit Card,0,"65,211.56","586,904.07"
22-Aug-20,Tax,"14,868.60",0,"601,772.67"
22-Aug-20,Reversal,0,"300,886.34","300,886.34"
22-Aug-20,Debit Card,"3,782.00",0,"304,668.34"
22-Aug-20,Bill,"31,820.00",0,"336,488.34"
22-Aug-20,Purchase,8,0,"336,496.34"
22-Aug-20,IMPS,"193,149.69",0,"529,646.03"
22-Aug-20,ATM,0,"529,646.03",0
22-Aug-20,Miscellaneous,"3,339.42",0,"3,339.42"
22-Aug-20,Reversal,0,477.06,"2,862.36"
22-Aug-20,Reversal,"240,549.06",0,"243,411.42"
22-Aug-20,Reversal,0,"34,773.06","208,638.36"
22-Aug-20,Cash,0,"20,863.84","187,774.52"
22-Aug-20,Transfer,0,"23,471.82","164,302.70"
22-Aug-20,Purchase,33.01,0,"164,335.71"
22-Aug-20,RTGS,0,"54,778.57","109,557.14"
22-Aug-20,Transfer,0,"13,694.64","95,862.50"
22-Aug-20,Reversal,3.8,0,"95,866.30"
22-Aug-20,Interest,0,"9,586.63","86,279.67"
22-Aug-20,Commission,0,"9,586.63","76,693.04"
22-Aug-20,Transfer,0,"25,564.35","51,128.69"
22-Aug-20,Cash,0,"17,042.90","34,085.79"
22-Aug-20,Commission,"4,563.20",0,"38,648.99"
22-Aug-20,Cash,0,"4,831.12","33,817.87"
22-Aug-20,NEFT,0,"16,908.94","16,908.94"
22-Aug-20,NEFT,4,0,"16,912.94"
22-Aug-20,Bill,0,"1,691.29","15,221.65"
22-Aug-20,IMPS,"3,258.60",0,"18,480.25"
22-Aug-20,Miscellaneous,376,0,"18,856.25"
22-Aug-20,Cheque,405,0,"19,261.25"
22-Aug-20,Reversal,0,"1,926.13","17,335.12"
22-Aug-20,NEFT,0,"2,166.89","15,168.23"
22-Aug-20,Commission,0,"3,792.06","11,376.17"
22-Aug-20,Transfer,301.2,0,"11,677.37"
22-Aug-20,Reversal,0,"1,297.49","10,379.88"
22-Aug-20,NEFT,12,0,"10,391.88"
22-Aug-20,Miscellaneous,0,"1,484.55","8,907.33"
22-Aug-20,Cash,361,0,"9,268.33"
22-Aug-20,Commission,0,"1,853.67","7,414.66"
22-Aug-20,NEFT,0,"1,235.78","6,178.88"
22-Aug-20,Transfer,"602,287.00",0,"608,465.88"
22-Aug-20,Debit Card,6.15,0,"608,472.03"
22-Aug-20,NEFT,0,"101,412.01","507,060.02"
22-Aug-20,RTGS,58,0,"507,118.02"
22-Aug-20,Miscellaneous,3,0,"507,121.02"
22-Aug-20,ATM,0,"63,390.13","443,730.89"
22-Aug-20,Reversal,0,"443,730.89",0
22-Aug-20,Transfer,"1,058,363.20",0,"1,058,363.20"
22-Aug-20,Cash,"2,039,653.00",0,"3,098,016.20"
22-Aug-20,Debit Card,0,"774,504.05","2,323,512.15"
22-Aug-20,Tax,264.3,0,"2,323,776.45"
22-Aug-20,ATM,0,"2,323,776.45",0
22-Aug-20,Debit Card,"2,418.59",0,"2,418.59"
22-Aug-20,RTGS,"3,368.00",0,"5,786.59"
22-Aug-20,Tax,"208,446.00",0,"214,232.59"
22-Aug-20,NEFT,243.46,0,"214,476.05"
22-Aug-20,Reversal,0,"30,639.44","183,836.61"
22-Aug-20,Purchase,0,"18,383.66","165,452.95"
22-Aug-20,NEFT,0,"41,363.24","124,089.71"
22-Aug-20,Reversal,416,0,"124,505.71"
22-Aug-20,Debit Card,"436,646.00",0,"561,151.71"
22-Aug-20,Purchase,0,"280,575.86","280,575.86"
22-Aug-20,Reversal,0,"28,057.59","252,518.27"
22-Aug-20,NEFT,0,"50,503.65","202,014.62"
22-Aug-20,RTGS,0,"202,014.62",0
22-Aug-20,IMPS,"936,277.00",0,"936,277.00"
22-Aug-20,Cash,0,"93,627.70","842,649.30"
22-Aug-20,Debit Card,"2,470.40",0,"845,119.70"
22-Aug-20,Bill,0,"211,279.93","633,839.77"
22-Aug-20,Reversal,0,"211,279.92","422,559.85"
22-Aug-20,Tax,0,"42,255.99","380,303.86"
22-Aug-20,Debit Card,6,0,"380,309.86"
22-Aug-20,Interest,0,"54,329.98","325,979.88"
22-Aug-20,Tax,0,"40,747.49","285,232.40"
22-Aug-20,Reversal,"753,112.00",0,"1,038,344.40"
22-Aug-20,Cheque,0,"207,668.88","830,675.52"
22-Aug-20,RTGS,5,0,"830,680.52"
22-Aug-20,ATM,45.5,0,"830,726.02"
22-Aug-20,NEFT,0,"118,675.15","712,050.87"
22-Aug-20,Bill,6,0,"712,056.87"
22-Aug-20,Cheque,0,"89,007.11","623,049.76"
22-Aug-20,Commission,3.05,0,"623,052.81"
22-Aug-20,RTGS,"249,958.00",0,"873,010.81"
22-Aug-20,Interest,0,"97,001.20","776,009.61"
22-Aug-20,Transfer,0,"155,201.92","620,807.69"
22-Aug-20,Bill,0,"103,467.95","517,339.74"
22-Aug-20,ATM,6.56,0,"517,346.30"
22-Aug-20,Cash,0,"172,448.77","344,897.53"
22-Aug-20,Cash,0,"57,482.92","287,414.61"
22-Aug-20,RTGS,49.03,0,"287,463.64"
22-Aug-20,RTGS,2.7,0,"287,466.34"
22-Aug-20,Tax,0,"143,733.17","143,733.17"
22-Aug-20,Tax,0,"15,970.35","127,762.82"
22-Aug-20,IMPS,0,"12,776.28","114,986.54"
22-Aug-20,IMPS,0,"12,776.28","102,210.26"
22-Aug-20,Bill,0,"20,442.05","81,768.21"
22-Aug-20,Reversal,5,0,"81,773.21"
22-Aug-20,Purchase,0,"10,221.65","71,551.56"
22-Aug-20,ATM,"1,517.00",0,"73,068.56"
22-Aug-20,Purchase,58.32,0,"73,126.88"
22-Aug-20,NEFT,498.1,0,"73,624.98"
22-Aug-20,Commission,0,"18,406.25","55,218.74"
22-Aug-20,Bill,0,"27,609.37","27,609.37"
22-Aug-20,Bill,"1,477.00",0,"29,086.37"
22-Aug-20,Commission,"24,177.48",0,"53,263.85"
22-Aug-20,ATM,"16,117.00",0,"69,380.85"
22-Aug-20,Cash,1.2,0,"69,382.05"
22-Aug-20,IMPS,0,"34,691.03","34,691.02"
22-Aug-20,Interest,"75,165.20",0,"109,856.22"
22-Aug-20,Reversal,0,"21,971.24","87,884.98"
22-Aug-20,Cash,31.9,0,"87,916.88"
22-Aug-20,Miscellaneous,0,"12,559.55","75,357.33"
22-Aug-20,Reversal,0,"7,535.73","67,821.60"
22-Aug-20,Interest,0,"22,607.20","45,214.40"
22-Aug-20,Miscellaneous,0,"45,214.40",0
22-Aug-20,ATM,"232,149.80",0,"232,149.80"
23-Aug-20,NEFT,"14,076.00",0,"246,225.80"
23-Aug-20,Purchase,0,"82,075.27","164,150.53"
23-Aug-20,NEFT,53.9,0,"164,204.43"
23-Aug-20,RTGS,"2,062,993.25",0,"2,227,197.68"
23-Aug-20,Commission,0,"371,199.61","1,855,998.07"
23-Aug-20,Commission,0,"309,333.01","1,546,665.06"
23-Aug-20,Transfer,0,"220,952.15","1,325,712.91"
23-Aug-20,Bill,0,"220,952.15","1,104,760.76"
23-Aug-20,Cash,"669,526.00",0,"1,774,286.76"
23-Aug-20,Cheque,0,"197,142.97","1,577,143.79"
23-Aug-20,Reversal,0,"315,428.76","1,261,715.03"
23-Aug-20,ATM,"924,215.00",0,"2,185,930.03"
24-Aug-20,Interest,0,"2,185,930.03",0
24-Aug-20,IMPS,21,0,21
24-Aug-20,Transfer,"214,646.30",0,"214,667.30"
24-Aug-20,ATM,7,0,"214,674.30"
24-Aug-20,Commission,"32,457.50",0,"247,131.80"
24-Aug-20,Miscellaneous,0,"30,891.48","216,240.32"
24-Aug-20,Cash,5.69,0,"216,246.01"
24-Aug-20,RTGS,0,"72,082.00","144,164.01"
24-Aug-20,Debit Card,0,"48,054.67","96,109.34"
24-Aug-20,RTGS,"156,073.34",0,"252,182.68"
24-Aug-20,Bill,339.9,0,"252,522.58"
24-Aug-20,Transfer,4.84,0,"252,527.42"
24-Aug-20,RTGS,0,"84,175.81","168,351.61"
24-Aug-20,Reversal,0,"24,050.23","144,301.38"
24-Aug-20,Debit Card,"14,685.55",0,"158,986.93"
24-Aug-20,Reversal,"31,268.00",0,"190,254.93"
24-Aug-20,RTGS,0,"95,127.47","95,127.46"
24-Aug-20,Bill,"22,270.30",0,"117,397.76"
24-Aug-20,Commission,"17,631.50",0,"135,029.26"
24-Aug-20,NEFT,0,"13,502.93","121,526.33"
24-Aug-20,Interest,204.5,0,"121,730.83"
24-Aug-20,Transfer,"18,582.60",0,"140,313.43"
24-Aug-20,Purchase,39.1,0,"140,352.53"
25-Aug-20,NEFT,"1,164.08",0,"141,516.61"
25-Aug-20,Tax,0,"47,172.20","94,344.41"
25-Aug-20,NEFT,658.17,0,"95,002.58"
25-Aug-20,Bill,0,"95,002.58",0
25-Aug-20,NEFT,"561,068.00",0,"561,068.00"
25-Aug-20,Miscellaneous,0,"112,213.60","448,854.40"
25-Aug-20,Purchase,"2,468.00",0,"451,322.40"
25-Aug-20,Cash,0,"90,264.48","361,057.92"
25-Aug-20,Tax,0,"120,352.64","240,705.28"
25-Aug-20,Commission,0,"26,745.03","213,960.25"
25-Aug-20,RTGS,0,"23,773.36","190,186.89"
25-Aug-20,Bill,0,"190,186.89",0
25-Aug-20,Reversal,"56,146.28",0,"56,146.28"
25-Aug-20,Reversal,0,"9,357.71","46,788.57"
25-Aug-20,Miscellaneous,0,"15,596.19","31,192.38"
25-Aug-20,Reversal,"1,576.00",0,"32,768.38"
25-Aug-20,Cash,"4,887.83",0,"37,656.21"
26-Aug-20,NEFT,0,"4,184.02","33,472.19"
26-Aug-20,NEFT,0,"3,719.13","29,753.06"
26-Aug-20,IMPS,0,"4,250.44","25,502.62"
26-Aug-20,Miscellaneous,5.36,0,"25,507.98"
26-Aug-20,Purchase,0,"8,502.66","17,005.32"
26-Aug-20,Transfer,0,"8,502.66","8,502.66"
26-Aug-20,Debit Card,0,"2,834.22","5,668.44"
26-Aug-20,Cheque,234,0,"5,902.44"
26-Aug-20,Tax,"655,045.00",0,"660,947.44"
26-Aug-20,Debit Card,0,"132,189.49","528,757.95"
26-Aug-20,Interest,0,"264,378.98","264,378.97"
26-Aug-20,Tax,49,0,"264,427.97"
26-Aug-20,Cheque,"18,194.00",0,"282,621.97"
26-Aug-20,Commission,"96,151.00",0,"378,772.97"
26-Aug-20,Interest,0,"42,085.89","336,687.08"
26-Aug-20,Purchase,485.86,0,"337,172.94"
26-Aug-20,Commission,0,"67,434.59","269,738.35"
26-Aug-20,Tax,0,"89,912.78","179,825.57"
26-Aug-20,Cheque,147,0,"179,972.57"
26-Aug-20,Bill,57.96,0,"180,030.53"
26-Aug-20,Cheque,0,"18,003.05","162,027.48"
26-Aug-20,RTGS,0,"162,027.48",0
26-Aug-20,Bill,"2,558.20",0,"2,558.20"
26-Aug-20,Interest,"2,600.70",0,"5,158.90"
26-Aug-20,Reversal,0,515.89,"4,643.01"
26-Aug-20,Tax,0,"2,321.51","2,321.50"
26-Aug-20,Tax,0,257.94,"2,063.56"
26-Aug-20,NEFT,0,257.95,"1,805.62"
26-Aug-20,NEFT,0,902.81,902.81
26-Aug-20,Tax,"17,757.00",0,"18,659.81"
26-Aug-20,Bill,0,"1,865.98","16,793.83"
26-Aug-20,ATM,0,"2,099.23","14,694.60"
26-Aug-20,Debit Card,"1,765.00",0,"16,459.60"
26-Aug-20,Cash,"9,391.34",0,"25,850.94"
26-Aug-20,ATM,53,0,"25,903.94"
26-Aug-20,Commission,0,"25,903.94",0
27-Aug-20,Purchase,"4,089.00",0,"4,089.00"
27-Aug-20,Transfer,0,584.14,"3,504.86"
27-Aug-20,Debit Card,0,584.14,"2,920.72"
27-Aug-20,IMPS,0,324.52,"2,596.20"
27-Aug-20,ATM,"80,541.00",0,"83,137.20"
27-Aug-20,Debit Card,"12,207.01",0,"95,344.21"
27-Aug-20,Bill,"24,114.20",0,"119,458.41"
27-Aug-20,NEFT,0,"59,729.21","59,729.20"
27-Aug-20,Debit Card,0,"29,864.60","29,864.60"
27-Aug-20,Bill,"1,470.00",0,"31,334.60"
28-Aug-20,Interest,"1,597.30",0,"32,931.90"
28-Aug-20,Transfer,0,"4,116.49","28,815.41"
28-Aug-20,Transfer,"1,415.30",0,"30,230.71"
28-Aug-20,Tax,5.6,0,"30,236.31"
28-Aug-20,Cheque,"247,908.00",0,"278,144.31"
28-Aug-20,Debit Card,0,"92,714.77","185,429.54"
28-Aug-20,Tax,0,"26,489.93","158,939.61"
28-Aug-20,Tax,403,0,"159,342.61"
28-Aug-20,ATM,0,"19,917.83","139,424.78"
28-Aug-20,NEFT,0,"34,856.20","104,568.58"
28-Aug-20,Bill,"32,382.00",0,"136,950.58"
29-Aug-20,Interest,6.7,0,"136,957.28"
29-Aug-20,Transfer,"218,711.00",0,"355,668.28"
29-Aug-20,ATM,0,"355,668.28",0
29-Aug-20,Tax,"17,299.30",0,"17,299.30"
29-Aug-20,Commission,"13,481.50",0,"30,780.80"
29-Aug-20,RTGS,0,"30,780.80",0
29-Aug-20,Purchase,7.16,0,7.16
29-Aug-20,IMPS,0,1.02,6.14
29-Aug-20,RTGS,6.98,0,13.12
29-Aug-20,Cheque,63.3,0,76.42
29-Aug-20,IMPS,0,12.74,63.68
29-Aug-20,NEFT,"546,890.00",0,"546,953.68"
29-Aug-20,Bill,"243,884.72",0,"790,838.40"
29-Aug-20,Transfer,"5,037.68",0,"795,876.08"
29-Aug-20,IMPS,"260,729.00",0,"1,056,605.08"
29-Aug-20,Reversal,0,"528,302.54","528,302.54"
29-Aug-20,Cash,0,"264,151.27","264,151.27"
29-Aug-20,Debit Card,"3,849.00",0,"268,000.27"
29-Aug-20,Interest,"3,028.50",0,"271,028.77"
29-Aug-20,Tax,0,"45,171.46","225,857.31"
29-Aug-20,ATM,"1,201.50",0,"227,058.81"
30-Aug-20,ATM,57.6,0,"227,116.41"
30-Aug-20,RTGS,0,"56,779.10","170,337.31"
30-Aug-20,Transfer,0,"24,333.90","146,003.41"
30-Aug-20,Cheque,1.2,0,"146,004.61"
30-Aug-20,Cash,"608,444.00",0,"754,448.61"
30-Aug-20,Commission,"1,822.00",0,"756,270.61"
30-Aug-20,IMPS,0,"378,135.31","378,135.30"
30-Aug-20,Reversal,0,"54,019.33","324,115.97"
30-Aug-20,Miscellaneous,"148,962.90",0,"473,078.87"
30-Aug-20,Transfer,"1,186.40",0,"474,265.27"
30-Aug-20,Commission,0,"59,283.16","414,982.11"
30-Aug-20,IMPS,"1,660,388.80",0,"2,075,370.91"
30-Aug-20,IMPS,57.4,0,"2,075,428.31"
30-Aug-20,Cash,0,"1,037,714.16","1,037,714.16"
30-Aug-20,Miscellaneous,31,0,"1,037,745.16"
30-Aug-20,Cheque,0,"172,957.53","864,787.63"
30-Aug-20,ATM,0,"123,541.09","741,246.54"
30-Aug-20,NEFT,"65,880.00",0,"807,126.54"
30-Aug-20,Interest,0,"201,781.64","605,344.90"
30-Aug-20,Cash,494.83,0,"605,839.73"
30-Aug-20,Bill,"3,536.00",0,"609,375.73"
30-Aug-20,NEFT,0,"67,708.41","541,667.32"
30-Aug-20,Purchase,6,0,"541,673.32"
30-Aug-20,Bill,"180,559.70",0,"722,233.02"
30-Aug-20,Cash,"220,568.00",0,"942,801.02"
30-Aug-20,Reversal,"1,107,811.20",0,"2,050,612.22"
30-Aug-20,IMPS,0,"512,653.06","1,537,959.16"
30-Aug-20,Bill,29.4,0,"1,537,988.56"
30-Aug-20,Transfer,"143,399.80",0,"1,681,388.36"
30-Aug-20,Commission,194.1,0,"1,681,582.46"
30-Aug-20,IMPS,0,"210,197.81","1,471,384.65"
30-Aug-20,Cash,0,"147,138.47","1,324,246.18"
30-Aug-20,Miscellaneous,"5,157.00",0,"1,329,403.18"
30-Aug-20,Bill,0,"189,914.74","1,139,488.44"
30-Aug-20,RTGS,162.76,0,"1,139,651.20"
30-Aug-20,Bill,3.1,0,"1,139,654.30"
30-Aug-20,Reversal,"144,930.60",0,"1,284,584.90"
30-Aug-20,IMPS,34.63,0,"1,284,619.53"
30-Aug-20,Reversal,0,"321,154.88","963,464.65"
30-Aug-20,Commission,31.5,0,"963,496.15"
30-Aug-20,Bill,0,"107,055.13","856,441.02"
30-Aug-20,Bill,0,"142,740.17","713,700.85"
30-Aug-20,NEFT,"112,441.00",0,"826,141.85"
30-Aug-20,NEFT,"187,519.60",0,"1,013,661.45"
30-Aug-20,RTGS,"1,544,042.50",0,"2,557,703.95"
30-Aug-20,Purchase,0,"426,283.99","2,131,419.96"
30-Aug-20,Interest,"198,352.50",0,"2,329,772.46"
31-Aug-20,IMPS,"223,506.00",0,"2,553,278.46"
31-Aug-20,Bill,0,"638,319.62","1,914,958.84"
31-Aug-20,Cheque,0,"319,159.81","1,595,799.03"
31-Aug-20,Transfer,591.7,0,"1,596,390.73"
31-Aug-20,Commission,"1,111,491.00",0,"2,707,881.73"
31-Aug-20,Bill,0,"902,627.24","1,805,254.49"
31-Aug-20,RTGS,"24,937.38",0,"1,830,191.87"
31-Aug-20,Cheque,0,"457,547.97","1,372,643.90"
31-Aug-20,Tax,"184,050.70",0,"1,556,694.60"
31-Aug-20,Cheque,22,0,"1,556,716.60"
31-Aug-20,Interest,122.2,0,"1,556,838.80"
31-Aug-20,Cash,"1,455.10",0,"1,558,293.90"
31-Aug-20,RTGS,0,"779,146.95","779,146.95"
31-Aug-20,Cheque,157.47,0,"779,304.42"
31-Aug-20,NEFT,0,"97,413.05","681,891.37"
31-Aug-20,Transfer,0,"85,236.42","596,654.95"
31-Aug-20,Reversal,"32,420.43",0,"629,075.38"
31-Aug-20,Bill,0,"62,907.54","566,167.84"
31-Aug-20,NEFT,0,"188,722.61","377,445.23"
31-Aug-20,NEFT,0,"37,744.52","339,700.71"
31-Aug-20,Cheque,"40,474.00",0,"380,174.71"
31-Aug-20,Cheque,0,"54,310.67","325,864.04"
31-Aug-20,IMPS,"9,877.00",0,"335,741.04"
31-Aug-20,Transfer,0,"33,574.10","302,166.94"
31-Aug-20,ATM,0,"30,216.69","271,950.25"
31-Aug-20,Transfer,0,"90,650.08","181,300.17"
31-Aug-20,Reversal,0,"25,900.02","155,400.15"
31-Aug-20,Tax,"18,300.27",0,"173,700.42"
31-Aug-20,IMPS,0,"43,425.11","130,275.32"
31-Aug-20,Debit Card,0,"65,137.66","65,137.66"
31-Aug-20,RTGS,0,"32,568.83","32,568.83"
31-Aug-20,Reversal,0,"16,284.42","16,284.42"
31-Aug-20,ATM,"30,287.00",0,"46,571.42"
31-Aug-20,NEFT,"218,795.70",0,"265,367.12"
31-Aug-20,Commission,0,"37,909.59","227,457.53"
31-Aug-20,Transfer,0,"25,273.06","202,184.47"
31-Aug-20,RTGS,7,0,"202,191.47"
31-Aug-20,Interest,0,"25,273.93","176,917.54"
31-Aug-20,Bill,0,"17,691.75","159,225.79"
31-Aug-20,Purchase,0,"22,746.54","136,479.25"
31-Aug-20,Bill,369,0,"136,848.25"
31-Aug-20,Interest,202.47,0,"137,050.72"
31-Aug-20,Bill,0,"15,227.86","121,822.86"
31-Aug-20,Commission,4,0,"121,826.86"
31-Aug-20,Reversal,482.3,0,"122,309.16"
31-Aug-20,Transfer,7.8,0,"122,316.96"
31-Aug-20,Reversal,"1,510,102.20",0,"1,632,419.16"
31-Aug-20,NEFT,0,"816,209.58","816,209.58"
31-Aug-20,Cash,0,"272,069.86","544,139.72"
31-Aug-20,Transfer,"1,914,889.50",0,"2,459,029.22"
31-Aug-20,Debit Card,0,"245,902.92","2,213,126.30"
31-Aug-20,Cheque,0,"737,708.77","1,475,417.53"
31-Aug-20,Debit Card,0,"491,805.84","983,611.69"
31-Aug-20,Miscellaneous,179.6,0,"983,791.29"
31-Aug-20,Interest,"23,452.90",0,"1,007,244.19"
31-Aug-20,Purchase,"21,964.97",0,"1,029,209.16"
31-Aug-20,Reversal,366.39,0,"1,029,575.55"
31-Aug-20,Interest,0,"147,082.22","882,493.33"
31-Aug-20,Purchase,0,"882,493.33",0
31-Aug-20,Commission,"93,929.00",0,"93,929.00"
31-Aug-20,ATM,"1,980.10",0,"95,909.10"
31-Aug-20,Transfer,"24,624.00",0,"120,533.10"
31-Aug-20,Miscellaneous,0,"17,219.01","103,314.09"
31-Aug-20,Cheque,0,"34,438.03","68,876.06"
31-Aug-20,Purchase,"1,181,375.75",0,"1,250,251.81"
31-Aug-20,Cheque,0,"125,025.18","1,125,226.63"
31-Aug-20,Cheque,2.1,0,"1,125,228.73"
31-Aug-20,IMPS,0,"375,076.24","750,152.49"
31-Aug-20,Debit Card,"27,255.80",0,"777,408.29"
31-Aug-20,Reversal,"584,944.00",0,"1,362,352.29"
31-Aug-20,Cash,0,"340,588.07","1,021,764.22"
31-Aug-20,Commission,"1,794.00",0,"1,023,558.22"
31-Aug-20,ATM,252.6,0,"1,023,810.82"
31-Aug-20,NEFT,6.1,0,"1,023,816.92"
31-Aug-20,NEFT,"397,867.25",0,"1,421,684.17"
31-Aug-20,IMPS,503.33,0,"1,422,187.50"
31-Aug-20,Cash,0,"237,031.25","1,185,156.25"
31-Aug-20,Purchase,"1,182.14",0,"1,186,338.39"
31-Aug-20,IMPS,0,"118,633.84","1,067,704.55"
31-Aug-20,Transfer,0,"133,463.07","934,241.48"
31-Aug-20,Interest,29,0,"934,270.48"
31-Aug-20,Reversal,0,"93,427.05","840,843.43"
31-Aug-20,Transfer,0,"140,140.57","700,702.86"
31-Aug-20,Tax,0,"140,140.57","560,562.29"
31-Aug-20,Bill,0,"140,140.57","420,421.72"
31-Aug-20,Cheque,0,"105,105.43","315,316.29"
31-Aug-20,Debit Card,"27,911.30",0,"343,227.59"
31-Aug-20,ATM,0,"114,409.20","228,818.39"
31-Aug-20,Purchase,"2,651.66",0,"231,470.05"
31-Aug-20,Tax,0,"33,067.15","198,402.90"
31-Aug-20,Cash,"15,068.00",0,"213,470.90"
31-Aug-20,IMPS,0,"71,156.97","142,313.93"
31-Aug-20,Tax,"1,736,261.00",0,"1,878,574.93"
31-Aug-20,Reversal,3.4,0,"1,878,578.33"
31-Aug-20,Bill,46.9,0,"1,878,625.23"
31-Aug-20,Cheque,"81,164.00",0,"1,959,789.23"
31-Aug-20,Cheque,"2,129.00",0,"1,961,918.23"
31-Aug-20,Interest,0,"326,986.37","1,634,931.86"
31-Aug-20,Tax,0,"1,634,931.86",0
31-Aug-20,Commission,526.5,0,526.5
31-Aug-20,Bill,0,175.5,351
31-Aug-20,Interest,4.1,0,355.1
31-Aug-20,Tax,"118,212.00",0,"118,567.10"
31-Aug-20,Purchase,0,"19,761.18","98,805.92"
31-Aug-20,Debit Card,"3,159.00",0,"101,964.92"
31-Aug-20,IMPS,1.5,0,"101,966.42"
31-Aug-20,RTGS,"30,487.00",0,"132,453.42"
31-Aug-20,Tax,0,"66,226.71","66,226.71"
31-Aug-20,Miscellaneous,7,0,"66,233.71"
31-Aug-20,RTGS,4.7,0,"66,238.41"
31-Aug-20,Cash,0,"33,119.21","33,119.20"
31-Aug-20,Miscellaneous,"95,695.00",0,"128,814.20"
31-Aug-20,Bill,0,"32,203.55","96,610.65"
31-Aug-20,Transfer,0,"13,801.52","82,809.13"
31-Aug-20,Bill,0,"9,201.01","73,608.12"
31-Aug-20,Interest,"1,174,755.00",0,"1,248,363.12"
31-Aug-20,NEFT,"6,036.36",0,"1,254,399.48"
31-Aug-20,NEFT,"134,223.00",0,"1,388,622.48"
31-Aug-20,Cash,"6,417.69",0,"1,395,040.17"
31-Aug-20,Interest,4,0,"1,395,044.17"
31-Aug-20,Miscellaneous,"15,041.70",0,"1,410,085.87"
31-Aug-20,Purchase,0,"705,042.94","705,042.94"
31-Aug-20,Debit Card,0,"100,720.42","604,322.52"
31-Aug-20,Debit Card,"31,514.39",0,"635,836.91"
31-Aug-20,Cash,0,"317,918.46","317,918.46"
31-Aug-20,Purchase,7.04,0,"317,925.50"
31-Aug-20,IMPS,0,"105,975.17","211,950.33"
31-Aug-20,Bill,476.95,0,"212,427.28"
31-Aug-20,Purchase,"1,139,951.75",0,"1,352,379.03"
31-Aug-20,Transfer,0,"676,189.52","676,189.52"
31-Aug-20,Cash,0,"75,132.17","601,057.35"
31-Aug-20,NEFT,"33,497.88",0,"634,555.23"
31-Aug-20,Bill,0,"79,319.40","555,235.83"
31-Aug-20,Transfer,0,"185,078.61","370,157.22"
31-Aug-20,Cheque,0,"185,078.61","185,078.61"
01-Sept-20,Purchase,0,"26,439.80","158,638.81"
01-Sept-20,Debit Card,0,"39,659.70","118,979.11"
01-Sept-20,Tax,3,0,"118,982.11"
01-Sept-20,Miscellaneous,"27,781.43",0,"146,763.54"
01-Sept-20,Bill,0.81,0,"146,764.35"
01-Sept-20,ATM,0,"29,352.87","117,411.48"
01-Sept-20,Purchase,0,"13,045.72","104,365.76"
01-Sept-20,Miscellaneous,69.3,0,"104,435.06"
01-Sept-20,Commission,0,"14,919.29","89,515.77"
01-Sept-20,Commission,0,"12,787.97","76,727.80"
01-Sept-20,Debit Card,0,"8,525.31","68,202.49"
01-Sept-20,Tax,"1,557.30",0,"69,759.79"
01-Sept-20,Debit Card,0,"34,879.90","34,879.89"
01-Sept-20,Commission,38.4,0,"34,918.29"
01-Sept-20,IMPS,"125,529.60",0,"160,447.89"
01-Sept-20,ATM,0,"32,089.58","128,358.31"
01-Sept-20,Reversal,"4,463.10",0,"132,821.41"
01-Sept-20,Commission,0,"13,282.14","119,539.27"
01-Sept-20,Cheque,0,"13,282.14","106,257.13"
01-Sept-20,Purchase,"1,975.10",0,"108,232.23"
01-Sept-20,Miscellaneous,"3,655.22",0,"111,887.45"
01-Sept-20,NEFT,96.15,0,"111,983.60"
01-Sept-20,Interest,6.9,0,"111,990.50"
01-Sept-20,Commission,7.24,0,"111,997.74"
01-Sept-20,RTGS,"8,827.00",0,"120,824.74"
01-Sept-20,Tax,24.6,0,"120,849.34"
01-Sept-20,Tax,0,"17,264.19","103,585.15"
01-Sept-20,Miscellaneous,"13,617.00",0,"117,202.15"
01-Sept-20,NEFT,0,"117,202.15",0
01-Sept-20,Reversal,995.1,0,995.1
01-Sept-20,Purchase,0,497.55,497.55
01-Sept-20,RTGS,2,0,499.55
01-Sept-20,Purchase,4,0,503.55
01-Sept-20,Cheque,431.07,0,934.62
01-Sept-20,Cheque,"457,939.50",0,"458,874.12"
01-Sept-20,RTGS,"22,675.80",0,"481,549.92"
01-Sept-20,Reversal,"2,780.70",0,"484,330.62"
01-Sept-20,Reversal,5.7,0,"484,336.32"
02-Sept-20,Purchase,0,"69,190.90","415,145.42"
02-Sept-20,Purchase,0,"59,306.49","355,838.93"
02-Sept-20,IMPS,"1,468.00",0,"357,306.93"
02-Sept-20,Cheque,"7,250.31",0,"364,557.24"
03-Sept-20,Miscellaneous,0,"91,139.31","273,417.93"
03-Sept-20,Miscellaneous,0.59,0,"273,418.52"
03-Sept-20,Purchase,"2,754.30",0,"276,172.82"
03-Sept-20,Miscellaneous,154,0,"276,326.82"
03-Sept-20,Miscellaneous,2.34,0,"276,329.16"
03-Sept-20,IMPS,0,"46,054.86","230,274.30"
03-Sept-20,Cash,58,0,"230,332.30"
03-Sept-20,Miscellaneous,0,"28,791.54","201,540.76"
03-Sept-20,Transfer,0,"40,308.15","161,232.61"
03-Sept-20,IMPS,0,"26,872.10","134,360.51"
03-Sept-20,Cash,0,"14,928.95","119,431.56"
03-Sept-20,Transfer,0,"14,928.95","104,502.62"
03-Sept-20,ATM,"255,354.50",0,"359,857.12"
03-Sept-20,Interest,0,"71,971.42","287,885.70"
03-Sept-20,IMPS,15.8,0,"287,901.50"
03-Sept-20,ATM,"1,663,776.00",0,"1,951,677.50"
03-Sept-20,Cash,0,"216,853.06","1,734,824.44"
03-Sept-20,Debit Card,0,"346,964.89","1,387,859.55"
03-Sept-20,Interest,40.52,0,"1,387,900.07"
03-Sept-20,Debit Card,189,0,"1,388,089.07"
03-Sept-20,Miscellaneous,1.4,0,"1,388,090.47"
03-Sept-20,Purchase,0,"347,022.62","1,041,067.85"
03-Sept-20,NEFT,52.37,0,"1,041,120.22"
03-Sept-20,Purchase,0,"520,560.11","520,560.11"
03-Sept-20,NEFT,0,"130,140.03","390,420.08"
03-Sept-20,Commission,0,"130,140.03","260,280.05"
03-Sept-20,NEFT,"2,510.60",0,"262,790.65"
03-Sept-20,Interest,0,"37,541.52","225,249.13"
03-Sept-20,Debit Card,0,"225,249.13",0
03-Sept-20,Transfer,"14,135.20",0,"14,135.20"
03-Sept-20,IMPS,"588,032.00",0,"602,167.20"
03-Sept-20,Cheque,0,"86,023.89","516,143.31"
03-Sept-20,NEFT,7.01,0,"516,150.32"
03-Sept-20,Debit Card,40.36,0,"516,190.68"
03-Sept-20,Interest,0.3,0,"516,190.98"
03-Sept-20,Purchase,0,"516,190.98",0
03-Sept-20,Reversal,"1,960,828.00",0,"1,960,828.00"
03-Sept-20,Bill,"31,984.80",0,"1,992,812.80"
03-Sept-20,Transfer,0,"332,135.47","1,660,677.33"
03-Sept-20,Cheque,"1,412,017.75",0,"3,072,695.08"
03-Sept-20,Debit Card,"23,783.40",0,"3,096,478.48"
03-Sept-20,IMPS,0,"387,059.81","2,709,418.67"
03-Sept-20,IMPS,0,"541,883.73","2,167,534.94"
03-Sept-20,NEFT,0,"433,506.99","1,734,027.95"
03-Sept-20,Tax,0,"346,805.59","1,387,222.36"
03-Sept-20,Miscellaneous,0,"198,174.62","1,189,047.74"
03-Sept-20,Cheque,0,"132,116.42","1,056,931.32"
03-Sept-20,Miscellaneous,"1,089,080.00",0,"2,146,011.32"
03-Sept-20,Miscellaneous,0,"536,502.83","1,609,508.49"
03-Sept-20,Tax,0,"201,188.56","1,408,319.93"
03-Sept-20,Cash,0,"201,188.56","1,207,131.37"
03-Sept-20,ATM,463.9,0,"1,207,595.27"
03-Sept-20,Cheque,5,0,"1,207,600.27"
03-Sept-20,Cheque,"1,500.30",0,"1,209,100.57"
03-Sept-20,RTGS,"933,346.00",0,"2,142,446.57"
03-Sept-20,RTGS,0,"214,244.66","1,928,201.91"
03-Sept-20,Transfer,0,"385,640.38","1,542,561.53"
03-Sept-20,Bill,"5,264.55",0,"1,547,826.08"
03-Sept-20,RTGS,"1,370,381.00",0,"2,918,207.08"
03-Sept-20,Bill,"1,583,281.00",0,"4,501,488.08"
03-Sept-20,Debit Card,0,"450,148.81","4,051,339.27"
03-Sept-20,Debit Card,0,"1,350,446.42","2,700,892.85"
03-Sept-20,RTGS,0,"1,350,446.43","1,350,446.42"
04-Sept-20,Tax,"3,525.38",0,"1,353,971.80"
04-Sept-20,Commission,"3,600.00",0,"1,357,571.80"
04-Sept-20,Debit Card,"1,682,249.20",0,"3,039,821.00"
04-Sept-20,RTGS,0,"379,977.63","2,659,843.38"
04-Sept-20,ATM,"2,306.70",0,"2,662,150.08"
04-Sept-20,Miscellaneous,"3,785.92",0,"2,665,936.00"
04-Sept-20,Bill,0,"380,848.00","2,285,088.00"
04-Sept-20,Purchase,7,0,"2,285,095.00"
04-Sept-20,Reversal,0,"380,849.17","1,904,245.83"
04-Sept-20,ATM,0,"380,849.17","1,523,396.66"
04-Sept-20,NEFT,"2,678.50",0,"1,526,075.16"
04-Sept-20,RTGS,36.7,0,"1,526,111.86"
04-Sept-20,Reversal,0,"763,055.93","763,055.93"
04-Sept-20,Reversal,0,"152,611.19","610,444.74"
04-Sept-20,Debit Card,0,"203,481.58","406,963.16"
04-Sept-20,Cash,"2,782.60",0,"409,745.76"
04-Sept-20,Purchase,0,"102,436.44","307,309.32"
04-Sept-20,Debit Card,"4,060.39",0,"311,369.71"
04-Sept-20,NEFT,0,"31,136.97","280,232.74"
04-Sept-20,Reversal,"1,707,567.00",0,"1,987,799.74"
04-Sept-20,Interest,309.4,0,"1,988,109.14"
04-Sept-20,Tax,"180,192.10",0,"2,168,301.24"
04-Sept-20,Commission,0,"216,830.12","1,951,471.12"
04-Sept-20,Transfer,0,"1,951,471.12",0
04-Sept-20,RTGS,8,0,8
04-Sept-20,Transfer,0,1.6,6.4
04-Sept-20,Interest,146,0,152.4
04-Sept-20,NEFT,35,0,187.4
04-Sept-20,ATM,0,62.47,124.93
04-Sept-20,NEFT,0,12.49,112.44
04-Sept-20,Bill,"212,192.00",0,"212,304.44"
04-Sept-20,Bill,0,"26,538.06","185,766.38"
04-Sept-20,Bill,240.1,0,"186,006.48"
04-Sept-20,IMPS,0,"20,667.39","165,339.09"
04-Sept-20,Bill,"88,604.00",0,"253,943.09"
04-Sept-20,RTGS,0,"253,943.09",0
04-Sept-20,Reversal,"163,377.84",0,"163,377.84"
04-Sept-20,Interest,0,"20,422.23","142,955.61"
04-Sept-20,ATM,"75,052.53",0,"218,008.14"
04-Sept-20,Tax,4,0,"218,012.14"
04-Sept-20,ATM,494.37,0,"218,506.51"
04-Sept-20,Reversal,"94,609.00",0,"313,115.51"
04-Sept-20,Commission,1.18,0,"313,116.69"
04-Sept-20,Bill,0,"31,311.67","281,805.02"
04-Sept-20,Bill,"2,421.00",0,"284,226.02"
04-Sept-20,Bill,0,"284,226.02",0
04-Sept-20,Debit Card,509.4,0,509.4
04-Sept-20,Transfer,"165,956.00",0,"166,465.40"
04-Sept-20,Reversal,"3,782.20",0,"170,247.60"
04-Sept-20,Interest,"2,056.00",0,"172,303.60"
04-Sept-20,Interest,0,"17,230.36","155,073.24"
04-Sept-20,Cheque,"3,720.00",0,"158,793.24"
04-Sept-20,Bill,0,"52,931.08","105,862.16"
04-Sept-20,RTGS,62,0,"105,924.16"
04-Sept-20,Cash,0,"11,769.35","94,154.81"
04-Sept-20,RTGS,31,0,"94,185.81"
04-Sept-20,IMPS,0.33,0,"94,186.14"
04-Sept-20,Cheque,0,"9,418.61","84,767.53"
04-Sept-20,Miscellaneous,"705,363.00",0,"790,130.53"
04-Sept-20,Cash,27.5,0,"790,158.03"
04-Sept-20,ATM,52,0,"790,210.03"
04-Sept-20,NEFT,0,"87,801.11","702,408.92"
04-Sept-20,NEFT,0,"70,240.89","632,168.03"
04-Sept-20,Cash,0,"79,021.00","553,147.03"
04-Sept-20,Purchase,"70,686.47",0,"623,833.50"
04-Sept-20,Bill,0,"69,314.83","554,518.67"
04-Sept-20,NEFT,"4,047.00",0,"558,565.67"
04-Sept-20,Purchase,"172,798.40",0,"731,364.07"
04-Sept-20,Cheque,0,"73,136.41","658,227.66"
04-Sept-20,Debit Card,0,"329,113.83","329,113.83"
04-Sept-20,Cheque,0,"47,016.26","282,097.57"
04-Sept-20,ATM,"698,878.00",0,"980,975.57"
04-Sept-20,Commission,"3,303.00",0,"984,278.57"
04-Sept-20,Transfer,0,"328,092.86","656,185.71"
04-Sept-20,Interest,0,"65,618.57","590,567.14"
04-Sept-20,RTGS,"560,553.00",0,"1,151,120.14"
04-Sept-20,Debit Card,"16,419.70",0,"1,167,539.84"
04-Sept-20,Bill,0,"116,753.98","1,050,785.86"
04-Sept-20,Bill,5,0,"1,050,790.86"
04-Sept-20,Bill,0,"210,158.17","840,632.69"
04-Sept-20,Bill,"3,326.00",0,"843,958.69"
04-Sept-20,IMPS,"2,599.70",0,"846,558.39"
04-Sept-20,Commission,0,"169,311.68","677,246.71"
04-Sept-20,Tax,0,"96,749.53","580,497.18"
04-Sept-20,RTGS,31,0,"580,528.18"
04-Sept-20,ATM,0,"193,509.39","387,018.79"
04-Sept-20,Interest,6,0,"387,024.79"
04-Sept-20,Tax,25.71,0,"387,050.50"
04-Sept-20,Commission,437.2,0,"387,487.70"
04-Sept-20,Miscellaneous,"1,756,043.50",0,"2,143,531.20"
04-Sept-20,Reversal,4.12,0,"2,143,535.32"
04-Sept-20,Tax,7.31,0,"2,143,542.63"
04-Sept-20,RTGS,0,"714,514.21","1,429,028.42"
04-Sept-20,Miscellaneous,0,"357,257.11","1,071,771.32"
04-Sept-20,Commission,2.16,0,"1,071,773.48"
04-Sept-20,Bill,0,"107,177.35","964,596.13"
04-Sept-20,NEFT,0,"964,596.13",0
04-Sept-20,IMPS,6.3,0,6.3
04-Sept-20,Reversal,0,1.05,5.25
04-Sept-20,IMPS,0,1.75,3.5
04-Sept-20,Interest,2.81,0,6.31
04-Sept-20,Miscellaneous,0,0.63,5.68
04-Sept-20,Cheque,"1,755.00",0,"1,760.68"
04-Sept-20,Commission,0,"1,760.68",0
04-Sept-20,IMPS,"1,630,225.80",0,"1,630,225.80"
04-Sept-20,NEFT,"24,060.87",0,"1,654,286.67"
04-Sept-20,Reversal,"207,478.90",0,"1,861,765.57"
04-Sept-20,Commission,3,0,"1,861,768.57"
04-Sept-20,NEFT,0,"265,966.94","1,595,801.63"
04-Sept-20,Bill,"3,468.60",0,"1,599,270.23"
04-Sept-20,IMPS,0,"159,927.02","1,439,343.21"
04-Sept-20,Cheque,0,"179,917.90","1,259,425.31"
04-Sept-20,Purchase,0,"209,904.22","1,049,521.09"
04-Sept-20,Reversal,0,"524,760.55","524,760.55"
04-Sept-20,ATM,0,"262,380.28","262,380.28"
04-Sept-20,Cash,0,"29,153.36","233,226.92"
04-Sept-20,Cheque,"5,435.00",0,"238,661.92"
04-Sept-20,Tax,0,"119,330.96","119,330.96"
05-Sept-20,Purchase,0,"17,047.28","102,283.68"
05-Sept-20,Cash,0,"17,047.28","85,236.40"
05-Sept-20,Bill,0,"42,618.20","42,618.20"
05-Sept-20,IMPS,379,0,"42,997.20"
05-Sept-20,Cash,14,0,"43,011.20"
05-Sept-20,Interest,0,"4,779.02","38,232.18"
05-Sept-20,Bill,2.16,0,"38,234.34"
05-Sept-20,Miscellaneous,18.73,0,"38,253.07"
05-Sept-20,Miscellaneous,0,"5,464.72","32,788.35"
05-Sept-20,Transfer,0,"16,394.18","16,394.18"
05-Sept-20,Bill,0,"3,278.84","13,115.34"
05-Sept-20,IMPS,4.13,0,"13,119.47"
05-Sept-20,NEFT,5.05,0,"13,124.52"
05-Sept-20,Tax,363.73,0,"13,488.25"
05-Sept-20,Purchase,266.36,0,"13,754.61"
05-Sept-20,Interest,"25,876.80",0,"39,631.41"
05-Sept-20,Reversal,"915,756.00",0,"955,387.41"
05-Sept-20,IMPS,"1,539.84",0,"956,927.25"
05-Sept-20,Tax,"2,572.60",0,"959,499.85"
05-Sept-20,Purchase,"1,463,439.50",0,"2,422,939.35"
05-Sept-20,Miscellaneous,0,"484,587.87","1,938,351.48"
05-Sept-20,NEFT,0,"215,372.39","1,722,979.09"
05-Sept-20,Tax,"3,038.60",0,"1,726,017.69"
05-Sept-20,IMPS,"17,262.16",0,"1,743,279.85"
05-Sept-20,Cheque,302.3,0,"1,743,582.15"
05-Sept-20,Debit Card,"116,756.50",0,"1,860,338.65"
05-Sept-20,Cash,0,"930,169.33","930,169.32"
05-Sept-20,Transfer,"1,607,206.00",0,"2,537,375.32"
05-Sept-20,Tax,466,0,"2,537,841.32"
05-Sept-20,Transfer,"427,407.00",0,"2,965,248.32"
05-Sept-20,ATM,"18,146.80",0,"2,983,395.12"
05-Sept-20,Purchase,0,"426,199.30","2,557,195.82"
05-Sept-20,Purchase,0,"2,557,195.82",0
05-Sept-20,Cash,"25,216.41",0,"25,216.41"
05-Sept-20,Bill,47.54,0,"25,263.95"
05-Sept-20,Cheque,"947,771.50",0,"973,035.45"
05-Sept-20,Debit Card,281.88,0,"973,317.33"
05-Sept-20,Cash,0,"121,664.67","851,652.66"
05-Sept-20,Purchase,0,"121,664.67","729,987.99"
05-Sept-20,Debit Card,"103,030.81",0,"833,018.80"
05-Sept-20,Cash,51.95,0,"833,070.75"
05-Sept-20,IMPS,0,"833,070.75",0
05-Sept-20,ATM,2.61,0,2.61
05-Sept-20,NEFT,0,0.33,2.28
05-Sept-20,Cheque,0,1.14,1.14
05-Sept-20,NEFT,"2,773.00",0,"2,774.14"
05-Sept-20,ATM,0,924.71,"1,849.43"
05-Sept-20,Cash,247.35,0,"2,096.78"
05-Sept-20,ATM,0,419.36,"1,677.42"
05-Sept-20,RTGS,"3,402.09",0,"5,079.51"
05-Sept-20,RTGS,0,"2,539.76","2,539.76"
05-Sept-20,Cash,54.1,0,"2,593.86"
05-Sept-20,Bill,0,370.55,"2,223.31"
05-Sept-20,Commission,"21,940.80",0,"24,164.11"
05-Sept-20,ATM,"150,118.60",0,"174,282.71"
05-Sept-20,Tax,0,"21,785.34","152,497.37"
05-Sept-20,Purchase,"13,538.70",0,"166,036.07"
06-Sept-20,RTGS,2,0,"166,038.07"
06-Sept-20,Miscellaneous,0,"27,673.01","138,365.06"
06-Sept-20,RTGS,0,"46,121.69","92,243.37"
06-Sept-20,Cheque,0,"23,060.84","69,182.53"
06-Sept-20,NEFT,242.46,0,"69,424.99"
06-Sept-20,Tax,0,"8,678.12","60,746.87"
06-Sept-20,Bill,0,"20,248.96","40,497.91"
06-Sept-20,RTGS,0,"5,062.24","35,435.67"
06-Sept-20,IMPS,0,"4,429.46","31,006.21"
06-Sept-20,Cash,0,"7,751.55","23,254.66"
06-Sept-20,Commission,370,0,"23,624.66"
06-Sept-20,Miscellaneous,"3,312.90",0,"26,937.56"
06-Sept-20,Cash,1.05,0,"26,938.61"
06-Sept-20,Reversal,61,0,"26,999.61"
06-Sept-20,ATM,25.4,0,"27,025.01"
06-Sept-20,Cheque,"16,008.00",0,"43,033.01"
06-Sept-20,IMPS,22,0,"43,055.01"
06-Sept-20,Commission,0,"10,763.75","32,291.26"
06-Sept-20,Miscellaneous,103,0,"32,394.26"
06-Sept-20,Debit Card,"2,994.40",0,"35,388.66"
06-Sept-20,Miscellaneous,"245,738.40",0,"281,127.06"
06-Sept-20,Purchase,14,0,"281,141.06"
06-Sept-20,Bill,0,"35,142.63","245,998.43"
06-Sept-20,Reversal,0,"245,998.43",0
06-Sept-20,Miscellaneous,"2,032,990.00",0,"2,032,990.00"
06-Sept-20,RTGS,0,"203,299.00","1,829,691.00"
06-Sept-20,Tax,59,0,"1,829,750.00"
06-Sept-20,Interest,"37,967.91",0,"1,867,717.91"
06-Sept-20,Transfer,0,"373,543.58","1,494,174.33"
06-Sept-20,Bill,"3,592.60",0,"1,497,766.93"
06-Sept-20,ATM,14.19,0,"1,497,781.12"
06-Sept-20,Purchase,0,"748,890.56","748,890.56"
06-Sept-20,Reversal,"204,362.50",0,"953,253.06"
06-Sept-20,Miscellaneous,"1,022,944.00",0,"1,976,197.06"
06-Sept-20,Cheque,0,"494,049.27","1,482,147.80"
06-Sept-20,Transfer,0,"370,536.95","1,111,610.85"
06-Sept-20,Transfer,0,"222,322.17","889,288.68"
06-Sept-20,Cheque,0,"444,644.34","444,644.34"
06-Sept-20,Tax,6.92,0,"444,651.26"
06-Sept-20,Cheque,0,"74,108.54","370,542.72"
06-Sept-20,Cheque,0,"185,271.36","185,271.36"
06-Sept-20,Commission,0,"26,467.34","158,804.02"
06-Sept-20,IMPS,0,"39,701.01","119,103.01"
06-Sept-20,Purchase,0,"14,887.88","104,215.13"
06-Sept-20,RTGS,0,"10,421.51","93,793.62"
06-Sept-20,RTGS,0,"18,758.72","75,034.90"
06-Sept-20,Miscellaneous,0,"75,034.90",0
06-Sept-20,Bill,27.9,0,27.9
06-Sept-20,Commission,0,3.1,24.8
06-Sept-20,NEFT,3,0,27.8
06-Sept-20,Debit Card,5.3,0,33.1
06-Sept-20,ATM,0,11.03,22.07
06-Sept-20,IMPS,1.93,0,24
07-Sept-20,NEFT,0,8,16
07-Sept-20,Debit Card,0,4,12
07-Sept-20,Bill,0,4,8
07-Sept-20,Purchase,0,1,7
08-Sept-20,Purchase,"31,441.80",0,"31,448.80"
08-Sept-20,Debit Card,"22,802.40",0,"54,251.20"
08-Sept-20,Transfer,0,"7,750.17","46,501.03"
08-Sept-20,Tax,0,"4,650.10","41,850.93"
08-Sept-20,Purchase,0,"8,370.19","33,480.74"
08-Sept-20,Interest,0,"4,185.09","29,295.65"
08-Sept-20,Commission,0,"5,859.13","23,436.52"
08-Sept-20,Cheque,"30,621.00",0,"54,057.52"
08-Sept-20,Cheque,0,"6,757.19","47,300.33"
08-Sept-20,RTGS,0,"5,255.59","42,044.74"
08-Sept-20,IMPS,"130,183.70",0,"172,228.44"
08-Sept-20,Commission,"3,153.54",0,"175,381.98"
08-Sept-20,NEFT,0,"175,381.98",0
09-Sept-20,Cash,"50,349.00",0,"50,349.00"
09-Sept-20,Debit Card,"5,941.00",0,"56,290.00"
09-Sept-20,NEFT,0,"5,629.00","50,661.00"
09-Sept-20,Bill,"1,998.00",0,"52,659.00"
10-Sept-20,RTGS,0,"5,265.90","47,393.10"
10-Sept-20,Tax,0,"23,696.55","23,696.55"
10-Sept-20,Cash,52,0,"23,748.55"
10-Sept-20,Miscellaneous,23.2,0,"23,771.75"
10-Sept-20,Transfer,58.4,0,"23,830.15"
10-Sept-20,Commission,0,"4,766.03","19,064.12"
10-Sept-20,RTGS,0,"4,766.03","14,298.09"
10-Sept-20,NEFT,"238,467.75",0,"252,765.84"
10-Sept-20,Purchase,"28,667.40",0,"281,433.24"
10-Sept-20,Miscellaneous,"9,440.00",0,"290,873.24"
10-Sept-20,NEFT,22,0,"290,895.24"
10-Sept-20,ATM,0,"290,895.24",0
10-Sept-20,Commission,55.41,0,55.41
10-Sept-20,ATM,0,9.24,46.18
10-Sept-20,Cheque,0,23.09,23.09
10-Sept-20,NEFT,0,2.57,20.52
10-Sept-20,Purchase,0,2.28,18.24
10-Sept-20,ATM,0,18.24,0
10-Sept-20,Purchase,"3,706.36",0,"3,706.36"
10-Sept-20,Commission,0,370.64,"3,335.72"
10-Sept-20,Cheque,15,0,"3,350.72"
10-Sept-20,Cheque,0,"1,116.91","2,233.81"
11-Sept-20,Commission,0,446.76,"1,787.05"
11-Sept-20,Debit Card,44,0,"1,831.05"
11-Sept-20,Purchase,32,0,"1,863.05"
11-Sept-20,Interest,42.92,0,"1,905.97"
11-Sept-20,Bill,"1,214.00",0,"3,119.97"
11-Sept-20,Transfer,0,312,"2,807.97"
12-Sept-20,Bill,0,280.8,"2,527.17"
12-Sept-20,Cash,0,505.43,"2,021.74"
12-Sept-20,Interest,"21,549.90",0,"23,571.64"
12-Sept-20,Purchase,4.6,0,"23,576.24"
12-Sept-20,Commission,0,"5,894.06","17,682.18"
12-Sept-20,Debit Card,"168,847.41",0,"186,529.59"
12-Sept-20,Miscellaneous,"1,170,341.00",0,"1,356,870.59"
12-Sept-20,ATM,0,"193,838.66","1,163,031.93"
12-Sept-20,NEFT,"1,342.54",0,"1,164,374.47"
12-Sept-20,IMPS,0,"582,187.24","582,187.24"
12-Sept-20,Transfer,"16,742.00",0,"598,929.24"
12-Sept-20,Bill,"1,069.00",0,"599,998.24"
12-Sept-20,Miscellaneous,0,"99,999.71","499,998.53"
12-Sept-20,ATM,47,0,"500,045.53"
12-Sept-20,Purchase,"257,563.38",0,"757,608.91"
12-Sept-20,Miscellaneous,0,"151,521.78","606,087.13"
12-Sept-20,ATM,0,"86,583.88","519,503.25"
12-Sept-20,IMPS,0,"57,722.58","461,780.67"
12-Sept-20,Debit Card,0,"51,308.96","410,471.71"
12-Sept-20,Purchase,"86,484.00",0,"496,955.71"
12-Sept-20,Bill,"9,309.10",0,"506,264.81"
12-Sept-20,Cheque,"3,948.60",0,"510,213.41"
12-Sept-20,Cash,"236,689.00",0,"746,902.41"
12-Sept-20,ATM,0,"373,451.21","373,451.20"
12-Sept-20,Miscellaneous,"223,208.31",0,"596,659.51"
12-Sept-20,Cheque,"5,228.20",0,"601,887.71"
12-Sept-20,Reversal,"31,779.40",0,"633,667.11"
12-Sept-20,Reversal,"61,605.00",0,"695,272.11"
12-Sept-20,Miscellaneous,63,0,"695,335.11"
12-Sept-20,Transfer,0,"115,889.19","579,445.93"
12-Sept-20,Miscellaneous,"1,556,167.00",0,"2,135,612.93"
12-Sept-20,Transfer,0,"237,290.33","1,898,322.60"
12-Sept-20,Transfer,0,"189,832.26","1,708,490.34"
12-Sept-20,Bill,0,"170,849.03","1,537,641.31"
12-Sept-20,ATM,0,"768,820.66","768,820.66"
12-Sept-20,IMPS,345.9,0,"769,166.56"
12-Sept-20,NEFT,0,"153,833.31","615,333.25"
12-Sept-20,Bill,"3,584.00",0,"618,917.25"
12-Sept-20,Commission,"3,739.74",0,"622,656.99"
12-Sept-20,Reversal,22.51,0,"622,679.50"
12-Sept-20,Cash,0,"124,535.90","498,143.60"
12-Sept-20,Transfer,25.7,0,"498,169.30"
12-Sept-20,NEFT,0,"249,084.65","249,084.65"
12-Sept-20,Miscellaneous,"157,494.00",0,"406,578.65"
12-Sept-20,Transfer,0,"67,763.11","338,815.54"
12-Sept-20,Tax,0,"84,703.89","254,111.65"
12-Sept-20,Commission,"3,763.35",0,"257,875.00"
12-Sept-20,IMPS,"83,559.00",0,"341,434.00"
12-Sept-20,NEFT,0,"37,937.11","303,496.89"
12-Sept-20,Interest,0,"33,721.88","269,775.01"
12-Sept-20,Tax,0,"29,975.00","239,800.01"
12-Sept-20,Transfer,0,"79,933.34","159,866.67"
12-Sept-20,Cheque,0,"22,838.10","137,028.57"
12-Sept-20,NEFT,0,"68,514.29","68,514.28"
12-Sept-20,Transfer,0,"17,128.57","51,385.71"
12-Sept-20,Cash,0,"5,709.52","45,676.19"
12-Sept-20,Transfer,8,0,"45,684.19"
12-Sept-20,Bill,61.4,0,"45,745.59"
12-Sept-20,Transfer,"1,435.00",0,"47,180.59"
12-Sept-20,Transfer,"249,607.97",0,"296,788.56"
12-Sept-20,RTGS,5.8,0,"296,794.36"
12-Sept-20,Commission,63,0,"296,857.36"
12-Sept-20,Commission,"3,508.00",0,"300,365.36"
12-Sept-20,Cheque,0,"60,073.07","240,292.29"
12-Sept-20,IMPS,"2,028,144.50",0,"2,268,436.79"
12-Sept-20,RTGS,0,"324,062.40","1,944,374.39"
12-Sept-20,Cash,0,"972,187.20","972,187.20"
12-Sept-20,Interest,0,"162,031.20","810,156.00"
12-Sept-20,RTGS,"190,153.44",0,"1,000,309.44"
12-Sept-20,Commission,0,"333,436.48","666,872.96"
12-Sept-20,Interest,0,"95,267.57","571,605.39"
12-Sept-20,Commission,0,"190,535.13","381,070.26"
12-Sept-20,Debit Card,"7,047.00",0,"388,117.26"
12-Sept-20,Purchase,"3,810.47",0,"391,927.73"
12-Sept-20,Transfer,0,"39,192.77","352,734.96"
12-Sept-20,Debit Card,0,"39,192.77","313,542.19"
12-Sept-20,Bill,3.91,0,"313,546.10"
12-Sept-20,Cheque,0,"39,193.26","274,352.84"
12-Sept-20,Commission,0,"30,483.65","243,869.19"
12-Sept-20,ATM,"186,448.00",0,"430,317.19"
12-Sept-20,Bill,0,"107,579.30","322,737.89"
12-Sept-20,NEFT,"666,452.00",0,"989,189.89"
13-Sept-20,NEFT,314,0,"989,503.89"
13-Sept-20,RTGS,0,"329,834.63","659,669.26"
13-Sept-20,Interest,"20,007.90",0,"679,677.16"
13-Sept-20,Interest,"14,274.00",0,"693,951.16"
13-Sept-20,Transfer,0,"231,317.05","462,634.11"
13-Sept-20,Debit Card,"1,580,996.80",0,"2,043,630.91"
13-Sept-20,Debit Card,1,0,"2,043,631.91"
13-Sept-20,Cash,"851,002.00",0,"2,894,633.91"
13-Sept-20,Miscellaneous,156.66,0,"2,894,790.57"
13-Sept-20,IMPS,0,"289,479.06","2,605,311.51"
13-Sept-20,Commission,5,0,"2,605,316.51"
13-Sept-20,Transfer,0,"372,188.07","2,233,128.44"
13-Sept-20,Interest,"817,783.00",0,"3,050,911.44"
13-Sept-20,Reversal,215,0,"3,051,126.44"
13-Sept-20,IMPS,0,"435,875.21","2,615,251.23"
13-Sept-20,Commission,0,"2,615,251.23",0
13-Sept-20,Cheque,29.3,0,29.3
13-Sept-20,RTGS,"231,436.00",0,"231,465.30"
13-Sept-20,ATM,"219,043.50",0,"450,508.80"
13-Sept-20,Bill,0,"50,056.53","400,452.27"
13-Sept-20,Purchase,0,"80,090.45","320,361.82"
13-Sept-20,Bill,"1,095.00",0,"321,456.82"
13-Sept-20,NEFT,0,"80,364.21","241,092.62"
14-Sept-20,Interest,0,"48,218.52","192,874.10"
14-Sept-20,Reversal,"192,383.00",0,"385,257.10"
14-Sept-20,Commission,7,0,"385,264.10"
14-Sept-20,Cash,1.5,0,"385,265.60"
14-Sept-20,NEFT,"25,337.64",0,"410,603.24"
14-Sept-20,Cash,"176,460.40",0,"587,063.64"
14-Sept-20,Debit Card,0,"293,531.82","293,531.82"
14-Sept-20,Transfer,0,"32,614.65","260,917.17"
14-Sept-20,Bill,0,"26,091.72","234,825.45"
14-Sept-20,Interest,"114,286.00",0,"349,111.45"
14-Sept-20,Interest,"28,733.00",0,"377,844.45"
14-Sept-20,NEFT,26,0,"377,870.45"
14-Sept-20,Cheque,255.5,0,"378,125.95"
15-Sept-20,NEFT,0,"54,017.99","324,107.96"
15-Sept-20,NEFT,0,"46,301.14","277,806.82"
15-Sept-20,Transfer,0,"27,780.68","250,026.14"
15-Sept-20,Debit Card,0,"83,342.05","166,684.09"
15-Sept-20,RTGS,4.69,0,"166,688.78"
15-Sept-20,Bill,0.7,0,"166,689.48"
15-Sept-20,Commission,"5,763.60",0,"172,453.08"
15-Sept-20,IMPS,"1,062.10",0,"173,515.18"
15-Sept-20,Bill,"193,615.00",0,"367,130.18"
15-Sept-20,Debit Card,35,0,"367,165.18"
15-Sept-20,Reversal,0,"40,796.13","326,369.05"
15-Sept-20,IMPS,8.9,0,"326,377.95"
15-Sept-20,Cheque,0,"40,797.24","285,580.71"
15-Sept-20,IMPS,"2,023.00",0,"287,603.71"
15-Sept-20,NEFT,"614,652.00",0,"902,255.71"
15-Sept-20,Tax,"18,539.43",0,"920,795.14"
15-Sept-20,Miscellaneous,477.5,0,"921,272.64"
15-Sept-20,ATM,809.95,0,"922,082.59"
15-Sept-20,Purchase,0,"115,260.32","806,822.27"
15-Sept-20,NEFT,"3,279.06",0,"810,101.33"
15-Sept-20,Tax,0,"270,033.78","540,067.55"
15-Sept-20,Reversal,"8,988.00",0,"549,055.55"
15-Sept-20,NEFT,"12,542.30",0,"561,597.85"
15-Sept-20,Reversal,0,"280,798.93","280,798.92"
15-Sept-20,ATM,"259,847.40",0,"540,646.32"
15-Sept-20,Transfer,0,"270,323.16","270,323.16"
15-Sept-20,NEFT,0,"90,107.72","180,215.44"
15-Sept-20,RTGS,39.7,0,"180,255.14"
15-Sept-20,Reversal,"231,721.00",0,"411,976.14"
15-Sept-20,Cash,322.19,0,"412,298.33"
15-Sept-20,Purchase,43.2,0,"412,341.53"
15-Sept-20,Transfer,7.31,0,"412,348.84"
15-Sept-20,RTGS,"543,729.00",0,"956,077.84"
15-Sept-20,RTGS,0,"318,692.61","637,385.23"
15-Sept-20,IMPS,0,"127,477.05","509,908.18"
15-Sept-20,Tax,0,"169,969.39","339,938.79"
15-Sept-20,NEFT,"3,862.10",0,"343,800.89"
15-Sept-20,Bill,0,"343,800.89",0
15-Sept-20,Debit Card,"21,344.96",0,"21,344.96"
15-Sept-20,RTGS,0,"3,049.28","18,295.68"
16-Sept-20,Cheque,0,"2,286.96","16,008.72"
16-Sept-20,Interest,0,"2,668.12","13,340.60"
16-Sept-20,Purchase,"48,367.00",0,"61,707.60"
16-Sept-20,Interest,"1,109,200.25",0,"1,170,907.85"
16-Sept-20,Transfer,0,"130,100.87","1,040,806.98"
16-Sept-20,Cheque,0,"520,403.49","520,403.49"
16-Sept-20,IMPS,0,"520,403.49",0
16-Sept-20,Interest,2,0,2
16-Sept-20,Tax,"104,156.00",0,"104,158.00"
16-Sept-20,ATM,3.7,0,"104,161.70"
16-Sept-20,Interest,0,"10,416.17","93,745.53"
16-Sept-20,Miscellaneous,"1,345,206.20",0,"1,438,951.73"
16-Sept-20,Debit Card,1,0,"1,438,952.73"
16-Sept-20,Miscellaneous,0,"159,883.64","1,279,069.09"
16-Sept-20,Commission,422.68,0,"1,279,491.77"
16-Sept-20,Interest,"2,872.80",0,"1,282,364.57"
16-Sept-20,Cheque,"1,265,171.00",0,"2,547,535.57"
16-Sept-20,RTGS,0,"509,507.11","2,038,028.46"
16-Sept-20,Cheque,"651,428.50",0,"2,689,456.96"
16-Sept-20,Interest,0,"268,945.70","2,420,511.26"
16-Sept-20,IMPS,"27,888.00",0,"2,448,399.26"
16-Sept-20,IMPS,"2,166.10",0,"2,450,565.36"
16-Sept-20,Debit Card,"7,688.00",0,"2,458,253.36"
16-Sept-20,Cash,0,"2,458,253.36",0
16-Sept-20,Cash,56,0,56
16-Sept-20,RTGS,"1,489.02",0,"1,545.02"
16-Sept-20,Transfer,549,0,"2,094.02"
16-Sept-20,Interest,7.45,0,"2,101.47"
16-Sept-20,Debit Card,63.6,0,"2,165.07"
16-Sept-20,Miscellaneous,0,433.01,"1,732.06"
16-Sept-20,Purchase,0,216.51,"1,515.55"
16-Sept-20,ATM,0,303.11,"1,212.44"
16-Sept-20,Transfer,"1,023.88",0,"2,236.32"
16-Sept-20,IMPS,0,745.44,"1,490.88"
16-Sept-20,ATM,33.4,0,"1,524.28"
16-Sept-20,Miscellaneous,0,"1,524.28",0
16-Sept-20,Tax,"97,169.00",0,"97,169.00"
16-Sept-20,Cash,"125,941.00",0,"223,110.00"
16-Sept-20,NEFT,50.73,0,"223,160.73"
16-Sept-20,Tax,37.6,0,"223,198.33"
16-Sept-20,Purchase,141.35,0,"223,339.68"
16-Sept-20,Cash,0,"37,223.28","186,116.40"
16-Sept-20,Purchase,53.09,0,"186,169.49"
16-Sept-20,Purchase,0,"23,271.19","162,898.30"
16-Sept-20,Cheque,0,"54,299.43","108,598.87"
16-Sept-20,Commission,27.85,0,"108,626.72"
16-Sept-20,Commission,2.1,0,"108,628.82"
16-Sept-20,Purchase,1,0,"108,629.82"
16-Sept-20,Interest,16.6,0,"108,646.42"
16-Sept-20,Cash,0,"13,580.80","95,065.62"
16-Sept-20,ATM,5,0,"95,070.62"
16-Sept-20,Transfer,386,0,"95,456.62"
16-Sept-20,Miscellaneous,0,"11,932.08","83,524.54"
16-Sept-20,IMPS,0,"13,920.76","69,603.78"
16-Sept-20,Transfer,"15,677.37",0,"85,281.15"
16-Sept-20,Transfer,"4,095.42",0,"89,376.57"
16-Sept-20,Commission,"463,777.00",0,"553,153.57"
16-Sept-20,Debit Card,"2,788.07",0,"555,941.64"
16-Sept-20,Tax,0,"61,771.29","494,170.35"
16-Sept-20,Transfer,0,"70,595.76","423,574.59"
16-Sept-20,Commission,0,"47,063.84","376,510.75"
16-Sept-20,RTGS,0,"125,503.58","251,007.17"
16-Sept-20,Reversal,0,"83,669.06","167,338.11"
16-Sept-20,IMPS,0,"27,889.69","139,448.42"
16-Sept-20,Cheque,46,0,"139,494.42"
16-Sept-20,Interest,0,"27,898.88","111,595.54"
16-Sept-20,Purchase,0,"18,599.26","92,996.28"
16-Sept-20,Purchase,0,"23,249.07","69,747.21"
16-Sept-20,Reversal,0,"23,249.07","46,498.14"
16-Sept-20,Debit Card,0,"11,624.54","34,873.60"
17-Sept-20,Tax,1.73,0,"34,875.33"
17-Sept-20,Cheque,"761,251.20",0,"796,126.53"
17-Sept-20,Debit Card,0,"99,515.82","696,610.71"
17-Sept-20,Bill,0,"232,203.57","464,407.14"
17-Sept-20,Interest,59.59,0,"464,466.73"
17-Sept-20,Interest,7.1,0,"464,473.83"
17-Sept-20,ATM,0,"116,118.46","348,355.37"
17-Sept-20,ATM,0,"49,765.05","298,590.32"
17-Sept-20,Cheque,"14,822.00",0,"313,412.32"
17-Sept-20,Cheque,0.69,0,"313,413.01"
17-Sept-20,Miscellaneous,5.67,0,"313,418.68"
17-Sept-20,Cash,0,"34,824.30","278,594.38"
17-Sept-20,RTGS,6.7,0,"278,601.08"
17-Sept-20,Cheque,"3,108.15",0,"281,709.23"
18-Sept-20,Cash,0,"140,854.62","140,854.62"
18-Sept-20,Transfer,0,"28,170.92","112,683.70"
18-Sept-20,Interest,0,"56,341.85","56,341.85"
18-Sept-20,RTGS,0,"7,042.73","49,299.12"
18-Sept-20,Cash,"12,911.10",0,"62,210.22"
18-Sept-20,Cheque,"3,979.12",0,"66,189.34"
18-Sept-20,Cheque,0,"16,547.34","49,642.00"
18-Sept-20,NEFT,291,0,"49,933.00"
18-Sept-20,Cheque,0,"4,993.30","44,939.70"
18-Sept-20,Transfer,0,"22,469.85","22,469.85"
18-Sept-20,Interest,6.48,0,"22,476.33"
18-Sept-20,RTGS,43,0,"22,519.33"
18-Sept-20,Cheque,0,"3,753.22","18,766.11"
18-Sept-20,Bill,6,0,"18,772.11"
18-Sept-20,IMPS,0,"18,772.11",0
18-Sept-20,IMPS,1.59,0,1.59
18-Sept-20,NEFT,2.8,0,4.39
18-Sept-20,Miscellaneous,0,0.88,3.51
18-Sept-20,Cash,"300,635.50",0,"300,639.01"
18-Sept-20,Commission,0,"75,159.75","225,479.26"
18-Sept-20,Cash,0,"56,369.82","169,109.44"
18-Sept-20,Purchase,2.7,0,"169,112.14"
18-Sept-20,Cheque,"18,239.35",0,"187,351.49"
18-Sept-20,IMPS,0,"23,418.94","163,932.55"
18-Sept-20,NEFT,"229,424.00",0,"393,356.55"
18-Sept-20,Miscellaneous,187.2,0,"393,543.75"
18-Sept-20,NEFT,0,"196,771.88","196,771.88"
18-Sept-20,Debit Card,230.65,0,"197,002.53"
18-Sept-20,IMPS,0,"24,625.32","172,377.21"
18-Sept-20,Cash,0,"34,475.44","137,901.77"
18-Sept-20,RTGS,3.1,0,"137,904.87"
19-Sept-20,Interest,0,"17,238.11","120,666.76"
19-Sept-20,RTGS,0,"120,666.76",0
19-Sept-20,Debit Card,222,0,222
19-Sept-20,Debit Card,648,0,870
19-Sept-20,Bill,379,0,"1,249.00"
19-Sept-20,Transfer,0,624.5,624.5
19-Sept-20,Cheque,0,62.45,562.05
19-Sept-20,Transfer,"116,288.31",0,"116,850.36"
19-Sept-20,IMPS,0,"16,692.91","100,157.45"
19-Sept-20,Bill,0,"50,078.73","50,078.72"
19-Sept-20,Debit Card,0,"5,564.30","44,514.42"
19-Sept-20,Transfer,2.19,0,"44,516.61"
19-Sept-20,Purchase,"2,062.10",0,"46,578.71"
19-Sept-20,Tax,0,"11,644.68","34,934.03"
19-Sept-20,Commission,0,"3,881.56","31,052.47"
19-Sept-20,IMPS,"217,371.06",0,"248,423.53"
19-Sept-20,Cheque,0,"49,684.71","198,738.82"
19-Sept-20,Interest,0,"28,391.26","170,347.56"
19-Sept-20,Tax,39.8,0,"170,387.36"
19-Sept-20,ATM,"20,638.80",0,"191,026.16"
19-Sept-20,Purchase,0,"95,513.08","95,513.08"
19-Sept-20,Transfer,"153,287.62",0,"248,800.70"
19-Sept-20,Reversal,"16,346.00",0,"265,146.70"
19-Sept-20,NEFT,7,0,"265,153.70"
19-Sept-20,Transfer,0,"88,384.57","176,769.13"
19-Sept-20,Transfer,"702,728.00",0,"879,497.13"
19-Sept-20,Tax,0,"293,165.71","586,331.42"
19-Sept-20,NEFT,"141,385.50",0,"727,716.92"
19-Sept-20,IMPS,0,"72,771.69","654,945.23"
19-Sept-20,Reversal,0,"65,494.52","589,450.71"
19-Sept-20,Miscellaneous,"13,852.61",0,"603,303.32"
19-Sept-20,Debit Card,0,"201,101.11","402,202.21"
19-Sept-20,Interest,200.34,0,"402,402.55"
19-Sept-20,Miscellaneous,0,"402,402.55",0
19-Sept-20,Purchase,"3,792.24",0,"3,792.24"
19-Sept-20,Miscellaneous,418.5,0,"4,210.74"
19-Sept-20,Debit Card,0,526.34,"3,684.40"
19-Sept-20,NEFT,0,"1,842.20","1,842.20"
19-Sept-20,Miscellaneous,"15,529.70",0,"17,371.90"
19-Sept-20,ATM,0,"2,171.49","15,200.41"
19-Sept-20,Miscellaneous,0,"2,171.49","13,028.92"
19-Sept-20,ATM,0,"6,514.46","6,514.46"
19-Sept-20,Interest,472.5,0,"6,986.96"
19-Sept-20,IMPS,2.9,0,"6,989.86"
19-Sept-20,ATM,0,776.65,"6,213.21"
19-Sept-20,Interest,"1,791,839.00",0,"1,798,052.21"
19-Sept-20,Transfer,0,"224,756.53","1,573,295.68"
19-Sept-20,NEFT,"1,111,344.00",0,"2,684,639.68"
19-Sept-20,RTGS,0,"335,579.96","2,349,059.72"
19-Sept-20,Miscellaneous,"1,607,658.00",0,"3,956,717.72"
19-Sept-20,Miscellaneous,4.1,0,"3,956,721.82"
19-Sept-20,Interest,0,"791,344.36","3,165,377.46"
19-Sept-20,Cheque,0,"395,672.18","2,769,705.28"
19-Sept-20,Tax,0,"1,384,852.64","1,384,852.64"
19-Sept-20,Cash,0,"230,808.77","1,154,043.87"
19-Sept-20,Debit Card,0,"128,227.10","1,025,816.77"
19-Sept-20,Bill,0,"102,581.68","923,235.09"
19-Sept-20,ATM,0,"115,404.39","807,830.70"
19-Sept-20,NEFT,"17,201.00",0,"825,031.70"
19-Sept-20,Tax,63.7,0,"825,095.40"
19-Sept-20,Bill,"1,110.78",0,"826,206.18"
19-Sept-20,Debit Card,0,"206,551.55","619,654.64"
19-Sept-20,Miscellaneous,0,"154,913.66","464,740.98"
19-Sept-20,Cheque,0,"92,948.20","371,792.78"
19-Sept-20,Commission,"136,194.50",0,"507,987.28"
19-Sept-20,Purchase,0.1,0,"507,987.38"
19-Sept-20,Miscellaneous,"3,992.80",0,"511,980.18"
19-Sept-20,Miscellaneous,"9,810.90",0,"521,791.08"
19-Sept-20,Reversal,"822,583.25",0,"1,344,374.33"
19-Sept-20,Cheque,7.4,0,"1,344,381.73"
19-Sept-20,Cash,0,"672,190.87","672,190.86"
19-Sept-20,Cash,"4,091.00",0,"676,281.86"
19-Sept-20,Interest,0,"225,427.29","450,854.57"
19-Sept-20,Tax,0,"64,407.80","386,446.77"
19-Sept-20,RTGS,"2,822.05",0,"389,268.82"
19-Sept-20,Bill,"1,715,277.50",0,"2,104,546.32"
19-Sept-20,ATM,0,"526,136.58","1,578,409.74"
19-Sept-20,Reversal,0,"197,301.22","1,381,108.52"
20-Sept-20,Miscellaneous,"32,321.17",0,"1,413,429.69"
20-Sept-20,Miscellaneous,0,"141,342.97","1,272,086.72"
20-Sept-20,IMPS,0,"141,342.97","1,130,743.75"
20-Sept-20,Bill,"38,616.25",0,"1,169,360.00"
20-Sept-20,Bill,0,"116,936.00","1,052,424.00"
20-Sept-20,Reversal,144.1,0,"1,052,568.10"
20-Sept-20,Debit Card,0,"131,571.01","920,997.09"
20-Sept-20,ATM,0,"102,333.01","818,664.08"
20-Sept-20,Miscellaneous,0,"409,332.04","409,332.04"
20-Sept-20,Cash,0,"136,444.01","272,888.03"
20-Sept-20,Commission,"2,529.10",0,"275,417.13"
20-Sept-20,Purchase,0,"137,708.57","137,708.56"
20-Sept-20,Cash,0,"22,951.43","114,757.13"
20-Sept-20,IMPS,0,"16,393.88","98,363.25"
20-Sept-20,Purchase,0,"32,787.75","65,575.50"
20-Sept-20,Reversal,29,0,"65,604.50"
20-Sept-20,Cheque,531.7,0,"66,136.20"
20-Sept-20,Cheque,0,"8,267.03","57,869.18"
20-Sept-20,Tax,6.8,0,"57,875.98"
20-Sept-20,Miscellaneous,"2,234.60",0,"60,110.58"
20-Sept-20,Cheque,"29,610.65",0,"89,721.23"
20-Sept-20,Reversal,0,"29,907.08","59,814.15"
20-Sept-20,RTGS,0,"6,646.02","53,168.13"
20-Sept-20,Transfer,11.3,0,"53,179.43"
20-Sept-20,Debit Card,0,"5,908.83","47,270.60"
20-Sept-20,Cash,0,"15,756.87","31,513.73"
20-Sept-20,Purchase,1.7,0,"31,515.43"
20-Sept-20,Bill,0,"5,252.57","26,262.86"
20-Sept-20,Debit Card,0,"6,565.72","19,697.14"
20-Sept-20,Cash,0,"4,924.29","14,772.86"
20-Sept-20,NEFT,0,"1,477.29","13,295.57"
20-Sept-20,Transfer,0,"1,661.95","11,633.62"
20-Sept-20,Cash,0,"2,326.72","9,306.90"
20-Sept-20,Transfer,0,"1,034.10","8,272.80"
20-Sept-20,Cash,4.7,0,"8,277.50"
20-Sept-20,Purchase,"1,133,978.00",0,"1,142,255.50"
20-Sept-20,Cash,285,0,"1,142,540.50"
20-Sept-20,NEFT,"1,985,468.00",0,"3,128,008.50"
20-Sept-20,RTGS,"3,659.80",0,"3,131,668.30"
20-Sept-20,IMPS,0,"782,917.08","2,348,751.22"
20-Sept-20,Debit Card,"16,533.00",0,"2,365,284.22"
20-Sept-20,Commission,6.8,0,"2,365,291.02"
20-Sept-20,Cash,0,"1,182,645.51","1,182,645.51"
20-Sept-20,Commission,109.22,0,"1,182,754.73"
20-Sept-20,Commission,"17,534.90",0,"1,200,289.63"
21-Sept-20,Transfer,"27,625.30",0,"1,227,914.93"
21-Sept-20,Miscellaneous,"2,248.40",0,"1,230,163.33"
21-Sept-20,Transfer,0,"615,081.67","615,081.66"
21-Sept-20,Cheque,0,"123,016.33","492,065.33"
21-Sept-20,Miscellaneous,"30,444.20",0,"522,509.53"
21-Sept-20,Cheque,1,0,"522,510.53"
21-Sept-20,Cheque,3.81,0,"522,514.34"
21-Sept-20,Tax,"15,151.03",0,"537,665.37"
21-Sept-20,RTGS,0,"134,416.34","403,249.03"
21-Sept-20,Interest,0,"44,805.45","358,443.58"
21-Sept-20,Transfer,42,0,"358,485.58"
21-Sept-20,Transfer,2.24,0,"358,487.82"
22-Sept-20,Reversal,0,"35,848.78","322,639.04"
23-Sept-20,Cheque,0,"80,659.76","241,979.28"
23-Sept-20,Miscellaneous,4,0,"241,983.28"
24-Sept-20,Purchase,50.5,0,"242,033.78"
24-Sept-20,Bill,435.19,0,"242,468.97"
24-Sept-20,ATM,105.2,0,"242,574.17"
24-Sept-20,Interest,0,"30,321.77","212,252.40"
24-Sept-20,Debit Card,47.3,0,"212,299.70"
24-Sept-20,NEFT,0,"21,229.97","191,069.73"
24-Sept-20,Cash,41.01,0,"191,110.74"
24-Sept-20,Cash,45,0,"191,155.74"
24-Sept-20,Cheque,0,"63,718.58","127,437.16"
24-Sept-20,Interest,88,0,"127,525.16"
24-Sept-20,Reversal,0,"12,752.52","114,772.64"
24-Sept-20,Commission,0,"22,954.53","91,818.11"
24-Sept-20,Reversal,58.9,0,"91,877.01"
24-Sept-20,Cheque,2,0,"91,879.01"
24-Sept-20,Debit Card,"3,501.85",0,"95,380.86"
24-Sept-20,Commission,"1,551,464.00",0,"1,646,844.86"
24-Sept-20,IMPS,0,"235,263.55","1,411,581.31"
24-Sept-20,Cash,"1,074.80",0,"1,412,656.11"
24-Sept-20,Bill,8,0,"1,412,664.11"
24-Sept-20,Cheque,5.23,0,"1,412,669.34"
25-Sept-20,Interest,"32,158.10",0,"1,444,827.44"
25-Sept-20,Cash,0,"206,403.92","1,238,423.52"
25-Sept-20,Reversal,624,0,"1,239,047.52"
25-Sept-20,RTGS,"2,233.43",0,"1,241,280.95"
25-Sept-20,Purchase,0,"248,256.19","993,024.76"
25-Sept-20,RTGS,0,"248,256.19","744,768.57"
25-Sept-20,RTGS,0,"248,256.19","496,512.38"
25-Sept-20,Tax,0,"248,256.19","248,256.19"
25-Sept-20,Interest,0,"124,128.10","124,128.10"
25-Sept-20,Tax,0,"13,792.01","110,336.09"
25-Sept-20,ATM,"108,504.30",0,"218,840.39"
25-Sept-20,NEFT,0,"72,946.80","145,893.59"
25-Sept-20,NEFT,416.8,0,"146,310.39"
25-Sept-20,Reversal,"3,785.00",0,"150,095.39"
25-Sept-20,Interest,0,"15,009.54","135,085.85"
25-Sept-20,Reversal,0,"27,017.17","108,068.68"
26-Sept-20,Miscellaneous,"192,018.30",0,"300,086.98"
26-Sept-20,Purchase,63.4,0,"300,150.38"
26-Sept-20,Cheque,0,"37,518.80","262,631.58"
27-Sept-20,Cheque,23.4,0,"262,654.98"
27-Sept-20,IMPS,0,"37,522.14","225,132.84"
27-Sept-20,Miscellaneous,0,"28,141.61","196,991.24"
27-Sept-20,Cheque,0,"24,623.91","172,367.34"
27-Sept-20,IMPS,0,"17,236.73","155,130.61"
28-Sept-20,Interest,8,0,"155,138.61"
28-Sept-20,Transfer,"876,006.50",0,"1,031,145.11"
28-Sept-20,Interest,0,"257,786.28","773,358.83"
28-Sept-20,ATM,"122,280.00",0,"895,638.83"
28-Sept-20,Bill,0,"111,954.85","783,683.98"
28-Sept-20,NEFT,43.45,0,"783,727.43"
28-Sept-20,ATM,0,"261,242.48","522,484.95"
28-Sept-20,Miscellaneous,46,0,"522,530.95"
28-Sept-20,Commission,"153,716.00",0,"676,246.95"
28-Sept-20,Debit Card,0,"84,530.87","591,716.08"
28-Sept-20,Tax,0,"84,530.87","507,185.21"
28-Sept-20,Cheque,0,"84,530.87","422,654.34"
28-Sept-20,Cash,0,"84,530.87","338,123.47"
28-Sept-20,Bill,0,"338,123.47",0
28-Sept-20,NEFT,"20,078.00",0,"20,078.00"
28-Sept-20,Interest,"684,641.00",0,"704,719.00"
28-Sept-20,Transfer,0,"234,906.33","469,812.67"
28-Sept-20,Cash,0,"52,201.41","417,611.26"
28-Sept-20,Purchase,0,"208,805.63","208,805.63"
28-Sept-20,Cash,40.9,0,"208,846.53"
28-Sept-20,NEFT,0,"104,423.27","104,423.26"
28-Sept-20,Transfer,0,"26,105.82","78,317.44"
28-Sept-20,Bill,"2,080,189.25",0,"2,158,506.69"
28-Sept-20,Debit Card,0,"431,701.34","1,726,805.35"
28-Sept-20,RTGS,0,"863,402.68","863,402.68"
28-Sept-20,RTGS,394.68,0,"863,797.36"
28-Sept-20,ATM,383,0,"864,180.36"
28-Sept-20,NEFT,"623,138.00",0,"1,487,318.36"
28-Sept-20,Miscellaneous,"2,198.70",0,"1,489,517.06"
28-Sept-20,Interest,"9,823.10",0,"1,499,340.16"
28-Sept-20,Interest,0,"149,934.02","1,349,406.14"
28-Sept-20,Interest,4.47,0,"1,349,410.61"
28-Sept-20,Bill,0,"224,901.77","1,124,508.84"
28-Sept-20,NEFT,59.6,0,"1,124,568.44"
28-Sept-20,Transfer,"177,812.80",0,"1,302,381.24"
28-Sept-20,Commission,0,"651,190.62","651,190.62"
28-Sept-20,Cash,285.31,0,"651,475.93"
28-Sept-20,Cash,"220,811.00",0,"872,286.93"
28-Sept-20,Purchase,0,"436,143.47","436,143.46"
28-Sept-20,IMPS,0,"48,460.38","387,683.08"
28-Sept-20,Transfer,7.82,0,"387,690.90"
28-Sept-20,Miscellaneous,58,0,"387,748.90"
28-Sept-20,IMPS,"9,204.20",0,"396,953.10"
28-Sept-20,Purchase,6.13,0,"396,959.23"
28-Sept-20,Transfer,0,"79,391.85","317,567.38"
28-Sept-20,Interest,15,0,"317,582.38"
28-Sept-20,Cheque,0,"39,697.80","277,884.58"
28-Sept-20,Cheque,0.4,0,"277,884.98"
28-Sept-20,Bill,0,"69,471.25","208,413.74"
28-Sept-20,Miscellaneous,"1,202,794.50",0,"1,411,208.24"
28-Sept-20,Reversal,"50,686.30",0,"1,461,894.54"
28-Sept-20,Debit Card,21,0,"1,461,915.54"
28-Sept-20,Debit Card,36.3,0,"1,461,951.84"
28-Sept-20,Interest,"1,968,390.00",0,"3,430,341.84"
28-Sept-20,Bill,0,"343,034.18","3,087,307.66"
28-Sept-20,IMPS,0,"441,043.95","2,646,263.71"
28-Sept-20,Purchase,44.9,0,"2,646,308.61"
28-Sept-20,Reversal,68,0,"2,646,376.61"
28-Sept-20,Purchase,"79,275.00",0,"2,725,651.61"
28-Sept-20,Tax,"506,106.00",0,"3,231,757.61"
28-Sept-20,Tax,0,"403,969.70","2,827,787.91"
28-Sept-20,Commission,6,0,"2,827,793.91"
28-Sept-20,Interest,"9,815.90",0,"2,837,609.81"
28-Sept-20,Interest,0,"2,837,609.81",0
28-Sept-20,Debit Card,"11,892.10",0,"11,892.10"
28-Sept-20,Interest,0,"1,982.02","9,910.08"
28-Sept-20,Bill,47.7,0,"9,957.78"
28-Sept-20,IMPS,33.3,0,"9,991.08"
28-Sept-20,Purchase,0,"1,248.89","8,742.20"
28-Sept-20,RTGS,0,"1,457.03","7,285.17"
29-Sept-20,IMPS,0,"1,457.03","5,828.14"
29-Sept-20,Transfer,0,"1,942.71","3,885.43"
29-Sept-20,Debit Card,0,388.54,"3,496.89"
29-Sept-20,Bill,"242,061.56",0,"245,558.45"
29-Sept-20,Purchase,"237,813.00",0,"483,371.45"
29-Sept-20,Bill,1,0,"483,372.45"
29-Sept-20,Cheque,0,"48,337.25","435,035.20"
29-Sept-20,RTGS,"148,889.00",0,"583,924.20"
29-Sept-20,RTGS,"1,118,919.00",0,"1,702,843.20"
29-Sept-20,Cash,"3,757.00",0,"1,706,600.20"
29-Sept-20,NEFT,1.22,0,"1,706,601.42"
29-Sept-20,Miscellaneous,0,"189,622.38","1,516,979.04"
29-Sept-20,Miscellaneous,0,"303,395.81","1,213,583.23"
29-Sept-20,Debit Card,"21,195.50",0,"1,234,778.73"
29-Sept-20,Interest,0,"154,347.34","1,080,431.39"
29-Sept-20,Reversal,0,"270,107.85","810,323.54"
29-Sept-20,Cash,"192,797.66",0,"1,003,121.20"
29-Sept-20,ATM,6.8,0,"1,003,128.00"
29-Sept-20,Reversal,"5,859.40",0,"1,008,987.40"
29-Sept-20,RTGS,4,0,"1,008,991.40"
29-Sept-20,Commission,"49,534.03",0,"1,058,525.43"
29-Sept-20,Cheque,0,"105,852.54","952,672.89"
29-Sept-20,NEFT,0,"105,852.54","846,820.35"
29-Sept-20,Miscellaneous,43,0,"846,863.35"
29-Sept-20,Commission,0,"141,143.89","705,719.46"
29-Sept-20,Transfer,"144,637.00",0,"850,356.46"
29-Sept-20,Debit Card,0,"212,589.12","637,767.34"
29-Sept-20,Transfer,"5,507.73",0,"643,275.07"
29-Sept-20,IMPS,"695,766.25",0,"1,339,041.32"
29-Sept-20,Purchase,0,"334,760.33","1,004,280.99"
29-Sept-20,Interest,0,"334,760.33","669,520.66"
29-Sept-20,NEFT,0,"133,904.13","535,616.53"
29-Sept-20,Cash,"1,819,833.20",0,"2,355,449.73"
29-Sept-20,Interest,"1,836,083.00",0,"4,191,532.73"
29-Sept-20,Reversal,0,"2,095,766.37","2,095,766.36"
29-Sept-20,Commission,0,"349,294.39","1,746,471.97"
29-Sept-20,Cheque,0,"582,157.32","1,164,314.65"
29-Sept-20,Transfer,"51,656.00",0,"1,215,970.65"
29-Sept-20,Cash,0,"121,597.07","1,094,373.58"
29-Sept-20,Tax,0,"121,597.06","972,776.52"
29-Sept-20,IMPS,0,"162,129.42","810,647.10"
29-Sept-20,Cash,414.62,0,"811,061.72"
29-Sept-20,Commission,0,"162,212.34","648,849.38"
29-Sept-20,NEFT,"105,187.00",0,"754,036.38"
29-Sept-20,Purchase,0,"125,672.73","628,363.65"
29-Sept-20,NEFT,"174,182.50",0,"802,546.15"
29-Sept-20,Interest,"1,239,487.75",0,"2,042,033.90"
29-Sept-20,Cheque,"925,621.50",0,"2,967,655.40"
29-Sept-20,Reversal,"3,957.30",0,"2,971,612.70"
29-Sept-20,RTGS,0,"424,516.10","2,547,096.60"
29-Sept-20,ATM,"1,296.50",0,"2,548,393.10"
29-Sept-20,Transfer,7.24,0,"2,548,400.34"
29-Sept-20,Commission,"332,424.20",0,"2,880,824.54"
29-Sept-20,ATM,"43,989.25",0,"2,924,813.79"
29-Sept-20,RTGS,0,"324,979.31","2,599,834.48"
29-Sept-20,Reversal,0,"259,983.45","2,339,851.03"
29-Sept-20,Bill,0,"389,975.17","1,949,875.86"
29-Sept-20,RTGS,"126,746.62",0,"2,076,622.48"
29-Sept-20,Cash,6.7,0,"2,076,629.18"
29-Sept-20,Transfer,3.1,0,"2,076,632.28"
29-Sept-20,Transfer,"396,910.00",0,"2,473,542.28"
29-Sept-20,ATM,0,"618,385.57","1,855,156.71"
30-Sept-20,Interest,0,"309,192.79","1,545,963.92"
30-Sept-20,Bill,161.4,0,"1,546,125.32"
30-Sept-20,Cash,509.2,0,"1,546,634.52"
30-Sept-20,ATM,"2,289.00",0,"1,548,923.52"
30-Sept-20,Transfer,0,"387,230.88","1,161,692.64"
30-Sept-20,Cash,30,0,"1,161,722.64"
30-Sept-20,Bill,2.2,0,"1,161,724.84"
30-Sept-20,Bill,0,"387,241.61","774,483.23"
30-Sept-20,Tax,"1,385.28",0,"775,868.51"
30-Sept-20,Transfer,"26,237.87",0,"802,106.38"
30-Sept-20,NEFT,0,"114,586.63","687,519.75"
30-Sept-20,Miscellaneous,0,"137,503.95","550,015.80"
30-Sept-20,Miscellaneous,0,"55,001.58","495,014.22"
30-Sept-20,Purchase,63,0,"495,077.22"
30-Sept-20,Cash,0,"123,769.31","371,307.92"
30-Sept-20,Debit Card,"1,726,476.00",0,"2,097,783.92"
30-Sept-20,Reversal,"184,475.00",0,"2,282,258.92"
30-Sept-20,Debit Card,0,"253,584.32","2,028,674.60"
30-Sept-20,Bill,"914,461.00",0,"2,943,135.60"
30-Sept-20,Reversal,0,"294,313.56","2,648,822.04"
30-Sept-20,IMPS,"3,544.50",0,"2,652,366.54"
30-Sept-20,NEFT,0,"2,652,366.54",0
30-Sept-20,ATM,492,0,492
30-Sept-20,Reversal,332.8,0,824.8
30-Sept-20,Cheque,0,274.93,549.87
30-Sept-20,IMPS,"568,611.50",0,"569,161.37"
30-Sept-20,Miscellaneous,61,0,"569,222.37"
30-Sept-20,Tax,0,0,"569,222.37"
30-Sept-20,Purchase,0,"113,844.47","455,377.90"
30-Sept-20,IMPS,0,0,"455,377.90"
30-Sept-20,NEFT,0,"455,377.90",0
30-Sept-20,Transfer,3,0,3
30-Sept-20,NEFT,5,0,8
30-Sept-20,Debit Card,0,0.8,7.2
30-Sept-20,Debit Card,0,0.72,6.48
30-Sept-20,NEFT,"9,468.00",0,"9,474.48"
30-Sept-20,NEFT,0,"1,894.90","7,579.58"
30-Sept-20,Transfer,"2,038.70",0,"9,618.28"
30-Sept-20,Transfer,0,"9,618.28",0
30-Sept-20,Transfer,54.34,0,54.34
30-Sept-20,Interest,0.1,0,54.44
30-Sept-20,NEFT,794,0,848.44
30-Sept-20,ATM,0,141.41,707.03
01-Oct-20,Bill,4.31,0,711.34
01-Oct-20,Cash,"105,963.59",0,"106,674.93"
01-Oct-20,Tax,22,0,"106,696.93"
01-Oct-20,ATM,0,"21,339.39","85,357.54"
01-Oct-20,Bill,0,"21,339.39","64,018.16"
01-Oct-20,Transfer,"3,619.97",0,"67,638.13"
01-Oct-20,Commission,0,"13,527.63","54,110.50"
01-Oct-20,Purchase,0,"6,012.28","48,098.22"
01-Oct-20,ATM,157,0,"48,255.22"
01-Oct-20,Miscellaneous,"2,356.60",0,"50,611.82"
01-Oct-20,Miscellaneous,5.26,0,"50,617.08"
01-Oct-20,Commission,0,"12,654.27","37,962.81"
01-Oct-20,Commission,1.2,0,"37,964.01"
01-Oct-20,Commission,"30,588.00",0,"68,552.01"
01-Oct-20,Cheque,3.3,0,"68,555.31"
01-Oct-20,Bill,0,"11,425.89","57,129.42"
01-Oct-20,Purchase,24.44,0,"57,153.86"
01-Oct-20,RTGS,987,0,"58,140.86"
01-Oct-20,Commission,408.7,0,"58,549.56"
01-Oct-20,Reversal,0,"7,318.70","51,230.86"
02-Oct-20,Commission,2,0,"51,232.86"
02-Oct-20,Debit Card,55.5,0,"51,288.36"
02-Oct-20,Bill,0,"25,644.18","25,644.18"
02-Oct-20,IMPS,0,"8,548.06","17,096.12"
02-Oct-20,Purchase,0,"17,096.12",0
02-Oct-20,RTGS,"255,621.80",0,"255,621.80"
02-Oct-20,RTGS,"1,518.90",0,"257,140.70"
02-Oct-20,Transfer,0,"25,714.07","231,426.63"
02-Oct-20,Cheque,451,0,"231,877.63"
02-Oct-20,NEFT,0,"33,125.38","198,752.25"
02-Oct-20,ATM,0,"24,844.03","173,908.22"
02-Oct-20,Commission,510,0,"174,418.22"
02-Oct-20,NEFT,"3,588.72",0,"178,006.94"
02-Oct-20,Reversal,0,"25,429.56","152,577.38"
02-Oct-20,ATM,0,"50,859.13","101,718.25"
02-Oct-20,Reversal,416,0,"102,134.25"
02-Oct-20,Cash,0,"11,348.25","90,786.00"
02-Oct-20,Interest,7,0,"90,793.00"
02-Oct-20,Reversal,0,"10,088.11","80,704.89"
02-Oct-20,ATM,0,"80,704.89",0
02-Oct-20,Debit Card,"2,585.80",0,"2,585.80"
03-Oct-20,Reversal,12.6,0,"2,598.40"
03-Oct-20,Reversal,"1,974.50",0,"4,572.90"
03-Oct-20,IMPS,0.5,0,"4,573.40"
03-Oct-20,Tax,"844,594.00",0,"849,167.40"
03-Oct-20,IMPS,"20,560.00",0,"869,727.40"
03-Oct-20,Reversal,"239,571.50",0,"1,109,298.90"
03-Oct-20,NEFT,0,"1,109,298.90",0
03-Oct-20,Interest,23.4,0,23.4
03-Oct-20,Commission,0,23.4,0
03-Oct-20,ATM,"15,785.00",0,"15,785.00"
03-Oct-20,Tax,7.1,0,"15,792.10"
03-Oct-20,ATM,0,"7,896.05","7,896.05"
03-Oct-20,Transfer,0,987.01,"6,909.04"
03-Oct-20,Reversal,"16,769.60",0,"23,678.64"
03-Oct-20,Commission,37,0,"23,715.64"
03-Oct-20,Reversal,0,"5,928.91","17,786.73"
03-Oct-20,NEFT,0,"1,976.30","15,810.43"
03-Oct-20,RTGS,"1,750,564.50",0,"1,766,374.93"
03-Oct-20,IMPS,337.3,0,"1,766,712.23"
03-Oct-20,RTGS,26.6,0,"1,766,738.83"
03-Oct-20,Cheque,0,"294,456.47","1,472,282.36"
03-Oct-20,Purchase,0,"490,760.79","981,521.57"
03-Oct-20,Interest,"3,036.40",0,"984,557.97"
03-Oct-20,Tax,"6,373.10",0,"990,931.07"
03-Oct-20,NEFT,2.2,0,"990,933.27"
03-Oct-20,Cheque,0,"247,733.32","743,199.95"
03-Oct-20,Miscellaneous,0,"743,199.95",0
03-Oct-20,ATM,"65,746.50",0,"65,746.50"
03-Oct-20,Miscellaneous,3.57,0,"65,750.07"
03-Oct-20,Transfer,467,0,"66,217.07"
03-Oct-20,Purchase,6.25,0,"66,223.32"
03-Oct-20,Purchase,"163,759.90",0,"229,983.22"
03-Oct-20,Commission,0,"45,996.64","183,986.58"
03-Oct-20,Tax,139.58,0,"184,126.16"
03-Oct-20,Purchase,6.93,0,"184,133.09"
03-Oct-20,IMPS,"5,672.16",0,"189,805.25"
03-Oct-20,Purchase,5,0,"189,810.25"
03-Oct-20,RTGS,513,0,"190,323.25"
03-Oct-20,Interest,0,"63,441.08","126,882.17"
03-Oct-20,Transfer,0,"15,860.27","111,021.90"
03-Oct-20,IMPS,395,0,"111,416.90"
03-Oct-20,ATM,0,"12,379.66","99,037.24"
03-Oct-20,IMPS,0,"24,759.31","74,277.93"
03-Oct-20,Debit Card,"127,616.00",0,"201,893.93"
03-Oct-20,Interest,27,0,"201,920.93"
03-Oct-20,Bill,0,"20,192.09","181,728.84"
03-Oct-20,ATM,0,"22,716.11","159,012.73"
03-Oct-20,Miscellaneous,"2,996.70",0,"162,009.43"
03-Oct-20,Purchase,"1,524,830.75",0,"1,686,840.18"
04-Oct-20,Commission,0,"240,977.17","1,445,863.01"
04-Oct-20,Tax,0,"180,732.88","1,265,130.13"
04-Oct-20,Cheque,0,"632,565.07","632,565.06"
04-Oct-20,Commission,44.4,0,"632,609.46"
04-Oct-20,Cheque,0,"126,521.89","506,087.57"
04-Oct-20,Reversal,0,"84,347.93","421,739.64"
04-Oct-20,Purchase,0,"140,579.88","281,159.76"
04-Oct-20,ATM,10.8,0,"281,170.56"
04-Oct-20,Miscellaneous,"154,970.30",0,"436,140.86"
04-Oct-20,IMPS,0,"48,460.10","387,680.76"
04-Oct-20,Commission,0,"129,226.92","258,453.84"
04-Oct-20,IMPS,21.01,0,"258,474.85"
04-Oct-20,Transfer,171.3,0,"258,646.15"
04-Oct-20,ATM,362.66,0,"259,008.81"
04-Oct-20,Cheque,"77,655.00",0,"336,663.81"
04-Oct-20,Purchase,0,"168,331.91","168,331.90"
04-Oct-20,ATM,398.9,0,"168,730.80"
04-Oct-20,ATM,0,"28,121.80","140,609.00"
04-Oct-20,RTGS,0,"46,869.67","93,739.33"
04-Oct-20,Cheque,"7,880.00",0,"101,619.33"
04-Oct-20,Bill,13,0,"101,632.33"
04-Oct-20,Interest,"3,339.60",0,"104,971.93"
04-Oct-20,Debit Card,0,"52,485.97","52,485.96"
04-Oct-20,Reversal,0,"52,485.96",0
04-Oct-20,Bill,285.9,0,285.9
04-Oct-20,Bill,0,35.74,250.16
04-Oct-20,ATM,"200,603.00",0,"200,853.16"
04-Oct-20,Miscellaneous,0,"25,106.65","175,746.52"
04-Oct-20,Purchase,"93,977.50",0,"269,724.02"
04-Oct-20,IMPS,0,"38,532.00","231,192.02"
04-Oct-20,Bill,0,"25,688.00","205,504.02"
04-Oct-20,Reversal,0,"41,100.80","164,403.22"
04-Oct-20,NEFT,0,"27,400.54","137,002.68"
04-Oct-20,Reversal,59.1,0,"137,061.78"
04-Oct-20,RTGS,412,0,"137,473.78"
04-Oct-20,IMPS,348,0,"137,821.78"
04-Oct-20,Purchase,"29,509.90",0,"167,331.68"
04-Oct-20,Miscellaneous,"4,479.74",0,"171,811.42"
04-Oct-20,Bill,"203,295.12",0,"375,106.54"
04-Oct-20,RTGS,155.9,0,"375,262.44"
04-Oct-20,Purchase,0,"62,543.74","312,718.70"
04-Oct-20,Tax,"34,454.30",0,"347,173.00"
04-Oct-20,Transfer,0,"69,434.60","277,738.40"
04-Oct-20,Tax,0,"92,579.47","185,158.93"
04-Oct-20,Bill,"1,844,165.50",0,"2,029,324.43"
04-Oct-20,Transfer,"1,309,717.20",0,"3,339,041.63"
04-Oct-20,RTGS,"20,261.00",0,"3,359,302.63"
04-Oct-20,Interest,0,"3,359,302.63",0
04-Oct-20,ATM,6,0,6
04-Oct-20,Cheque,"1,507,864.25",0,"1,507,870.25"
04-Oct-20,Reversal,"8,254.90",0,"1,516,125.15"
05-Oct-20,Interest,0,"505,375.05","1,010,750.10"
05-Oct-20,Cheque,1,0,"1,010,751.10"
05-Oct-20,Cheque,"156,247.40",0,"1,166,998.50"
05-Oct-20,Commission,"1,867.95",0,"1,168,866.45"
05-Oct-20,Cheque,0,"166,980.92","1,001,885.53"
05-Oct-20,Debit Card,0,"200,377.11","801,508.42"
05-Oct-20,NEFT,0,"801,508.42",0
05-Oct-20,ATM,"3,046.80",0,"3,046.80"
05-Oct-20,Purchase,0,507.8,"2,539.00"
05-Oct-20,RTGS,0,362.71,"2,176.29"
05-Oct-20,Miscellaneous,0,241.81,"1,934.48"
05-Oct-20,Purchase,0,322.41,"1,612.07"
05-Oct-20,Debit Card,"2,554.30",0,"4,166.37"
05-Oct-20,RTGS,"8,892.70",0,"13,059.07"
05-Oct-20,Bill,"851,044.20",0,"864,103.27"
05-Oct-20,RTGS,"233,028.80",0,"1,097,132.07"
05-Oct-20,IMPS,19.1,0,"1,097,151.17"
05-Oct-20,Bill,"1,947,527.50",0,"3,044,678.67"
05-Oct-20,Tax,2.3,0,"3,044,680.97"
05-Oct-20,Bill,275.6,0,"3,044,956.57"
05-Oct-20,Commission,0,"434,993.80","2,609,962.77"
05-Oct-20,Interest,0,"2,609,962.77",0
05-Oct-20,Commission,"138,537.00",0,"138,537.00"
05-Oct-20,Purchase,0,"15,393.00","123,144.00"
05-Oct-20,Bill,22.96,0,"123,166.96"
05-Oct-20,Purchase,"77,667.70",0,"200,834.66"
05-Oct-20,Bill,"1,146.84",0,"201,981.50"
05-Oct-20,Purchase,"31,072.90",0,"233,054.40"
05-Oct-20,ATM,"1,661,338.80",0,"1,894,393.20"
05-Oct-20,Cash,0,"189,439.32","1,704,953.88"
05-Oct-20,Miscellaneous,0,"568,317.96","1,136,635.92"
05-Oct-20,NEFT,30.91,0,"1,136,666.83"
05-Oct-20,ATM,0,"227,333.37","909,333.46"
05-Oct-20,Purchase,0,"151,555.58","757,777.88"
05-Oct-20,IMPS,0,"189,444.47","568,333.41"
05-Oct-20,Reversal,23,0,"568,356.41"
05-Oct-20,Interest,0,"113,671.28","454,685.13"
05-Oct-20,Bill,2,0,"454,687.13"
05-Oct-20,Transfer,0,"56,835.89","397,851.24"
05-Oct-20,Reversal,"45,265.00",0,"443,116.24"
05-Oct-20,Debit Card,0,"88,623.25","354,492.99"
05-Oct-20,Debit Card,36.23,0,"354,529.22"
05-Oct-20,Interest,"31,279.00",0,"385,808.22"
05-Oct-20,RTGS,0,"64,301.37","321,506.85"
05-Oct-20,Cheque,"4,130.60",0,"325,637.45"
05-Oct-20,IMPS,0,"54,272.91","271,364.54"
05-Oct-20,Tax,0,"54,272.91","217,091.63"
05-Oct-20,Miscellaneous,7,0,"217,098.63"
05-Oct-20,Purchase,0,"72,366.21","144,732.42"
05-Oct-20,Debit Card,"22,259.00",0,"166,991.42"
05-Oct-20,Commission,0,"20,873.93","146,117.49"
05-Oct-20,Cash,"9,251.00",0,"155,368.49"
05-Oct-20,Transfer,"1,461,229.00",0,"1,616,597.49"
05-Oct-20,Debit Card,0,"179,621.94","1,436,975.55"
05-Oct-20,RTGS,52.5,0,"1,437,028.05"
05-Oct-20,Cheque,0,"1,437,028.05",0
05-Oct-20,Cheque,"99,408.00",0,"99,408.00"
05-Oct-20,Bill,"703,093.50",0,"802,501.50"
06-Oct-20,Reversal,0,"160,500.30","642,001.20"
06-Oct-20,Transfer,0,"214,000.40","428,000.80"
06-Oct-20,Interest,0,"142,666.93","285,333.87"
06-Oct-20,Purchase,0,"285,333.87",0
06-Oct-20,Cash,7.2,0,7.2
06-Oct-20,Cash,0,1.8,5.4
06-Oct-20,IMPS,3,0,8.4
06-Oct-20,Commission,2.12,0,10.52
06-Oct-20,RTGS,0,1.5,9.02
06-Oct-20,Transfer,0,1.29,7.73
06-Oct-20,Tax,69,0,76.73
06-Oct-20,Tax,0,10.96,65.77
06-Oct-20,Tax,0,8.22,57.55
06-Oct-20,Transfer,51.3,0,108.85
06-Oct-20,Purchase,0,27.21,81.64
06-Oct-20,NEFT,"1,832.57",0,"1,914.21"
06-Oct-20,Purchase,2,0,"1,916.21"
06-Oct-20,Debit Card,38.9,0,"1,955.11"
06-Oct-20,Cash,0,279.3,"1,675.81"
07-Oct-20,RTGS,"1,092.00",0,"2,767.81"
08-Oct-20,Commission,0,307.53,"2,460.28"
08-Oct-20,RTGS,111.99,0,"2,572.27"
08-Oct-20,Interest,216.19,0,"2,788.46"
08-Oct-20,Reversal,"30,022.90",0,"32,811.36"
08-Oct-20,Cheque,0,"10,937.12","21,874.24"
08-Oct-20,Bill,49,0,"21,923.24"
08-Oct-20,Commission,0,"2,192.32","19,730.92"
08-Oct-20,Purchase,0,"2,818.70","16,912.22"
09-Oct-20,IMPS,"198,991.00",0,"215,903.22"
09-Oct-20,RTGS,410,0,"216,313.22"
09-Oct-20,Bill,127,0,"216,440.22"
09-Oct-20,Purchase,"195,641.70",0,"412,081.92"
09-Oct-20,Cash,6.5,0,"412,088.42"
09-Oct-20,Tax,7.01,0,"412,095.43"
09-Oct-20,Transfer,"119,242.80",0,"531,338.23"
09-Oct-20,Cash,0,"53,133.82","478,204.41"
09-Oct-20,IMPS,0,"119,551.10","358,653.31"
09-Oct-20,Transfer,"2,024,514.00",0,"2,383,167.31"
09-Oct-20,Reversal,"1,874,589.75",0,"4,257,757.06"
09-Oct-20,Bill,0,"4,257,757.06",0
10-Oct-20,Debit Card,4,0,4
10-Oct-20,Transfer,0,0,4
10-Oct-20,RTGS,"52,354.10",0,"52,358.10"
10-Oct-20,Cheque,4.41,0,"52,362.51"
10-Oct-20,Transfer,0,"5,818.06","46,544.45"
10-Oct-20,IMPS,"99,847.00",0,"146,391.45"
10-Oct-20,RTGS,0,"14,639.15","131,752.31"
10-Oct-20,Tax,0,"131,752.31",0
10-Oct-20,Cheque,"156,841.20",0,"156,841.20"
10-Oct-20,Cash,223.4,0,"157,064.60"
10-Oct-20,Commission,"259,355.00",0,"416,419.60"
10-Oct-20,Interest,0,"416,419.60",0
10-Oct-20,Interest,"2,150.09",0,"2,150.09"
10-Oct-20,Reversal,"2,024,110.00",0,"2,026,260.09"
10-Oct-20,Interest,27.5,0,"2,026,287.59"
10-Oct-20,RTGS,0,"202,628.76","1,823,658.83"
10-Oct-20,NEFT,"17,977.24",0,"1,841,636.07"
10-Oct-20,Transfer,6,0,"1,841,642.07"
10-Oct-20,Reversal,0,"613,880.69","1,227,761.38"
10-Oct-20,Tax,0,"409,253.79","818,507.59"
11-Oct-20,NEFT,0.74,0,"818,508.33"
11-Oct-20,Cash,0,"90,945.37","727,562.96"
11-Oct-20,Debit Card,0,"90,945.37","636,617.59"
11-Oct-20,Cheque,0,"212,205.86","424,411.73"
11-Oct-20,Cheque,0,"212,205.87","212,205.86"
11-Oct-20,ATM,0,"30,315.12","181,890.74"
11-Oct-20,Reversal,0,"181,890.74",0
11-Oct-20,Interest,"78,188.10",0,"78,188.10"
12-Oct-20,RTGS,214.8,0,"78,402.90"
12-Oct-20,Reversal,0,"13,067.15","65,335.75"
12-Oct-20,RTGS,"20,382.80",0,"85,718.55"
12-Oct-20,Interest,0,"12,245.51","73,473.04"
12-Oct-20,Cheque,0,"14,694.61","58,778.43"
12-Oct-20,Purchase,0,"19,592.81","39,185.62"
12-Oct-20,Cheque,0,"4,898.20","34,287.42"
12-Oct-20,Tax,"18,299.00",0,"52,586.42"
12-Oct-20,Tax,0,"7,512.35","45,074.07"
12-Oct-20,Purchase,0,"6,439.15","38,634.92"
12-Oct-20,Interest,0,"3,863.49","34,771.43"
12-Oct-20,Transfer,0,"11,590.48","23,180.95"
12-Oct-20,Cheque,"469,569.20",0,"492,750.15"
12-Oct-20,Miscellaneous,0,"54,750.02","438,000.13"
12-Oct-20,ATM,54.4,0,"438,054.53"
12-Oct-20,Interest,320,0,"438,374.53"
12-Oct-20,NEFT,0,"219,187.27","219,187.26"
12-Oct-20,Reversal,"3,254.10",0,"222,441.36"
12-Oct-20,ATM,"2,165.03",0,"224,606.39"
12-Oct-20,Interest,0,"224,606.39",0
12-Oct-20,Debit Card,3.25,0,3.25
12-Oct-20,Cash,0,0.33,2.92
12-Oct-20,Cheque,"62,151.00",0,"62,153.92"
12-Oct-20,Cash,0,"15,538.48","46,615.44"
12-Oct-20,Reversal,0,"7,769.24","38,846.20"
12-Oct-20,Bill,0,"38,846.20",0
12-Oct-20,IMPS,146.74,0,146.74
12-Oct-20,Miscellaneous,0,20.96,125.78
13-Oct-20,Bill,2.36,0,128.14
13-Oct-20,Cash,"10,121.60",0,"10,249.74"
13-Oct-20,Miscellaneous,"253,247.00",0,"263,496.74"
13-Oct-20,ATM,0,"29,277.42","234,219.32"
13-Oct-20,Purchase,0,"26,024.37","208,194.95"
13-Oct-20,Interest,0,"20,819.50","187,375.46"
13-Oct-20,Miscellaneous,"744,654.00",0,"932,029.46"
13-Oct-20,Reversal,"28,490.30",0,"960,519.76"
13-Oct-20,Transfer,"840,883.25",0,"1,801,403.01"
13-Oct-20,RTGS,0,"1,801,403.01",0
13-Oct-20,Cheque,"11,841.00",0,"11,841.00"
13-Oct-20,Debit Card,0,"2,368.20","9,472.80"
13-Oct-20,RTGS,0,947.28,"8,525.52"
13-Oct-20,RTGS,"817,640.00",0,"826,165.52"
13-Oct-20,Transfer,0,"275,388.51","550,777.01"
13-Oct-20,Debit Card,"150,373.19",0,"701,150.20"
13-Oct-20,NEFT,"127,739.00",0,"828,889.20"
13-Oct-20,RTGS,0,"165,777.84","663,111.36"
13-Oct-20,Debit Card,511,0,"663,622.36"
13-Oct-20,Cash,0,"73,735.82","589,886.54"
13-Oct-20,Cheque,0,"117,977.31","471,909.23"
13-Oct-20,NEFT,0,"117,977.31","353,931.92"
13-Oct-20,Reversal,"21,707.00",0,"375,638.92"
13-Oct-20,RTGS,113.12,0,"375,752.04"
13-Oct-20,Cash,0,"62,625.34","313,126.70"
13-Oct-20,Purchase,0,"313,126.70",0
13-Oct-20,Cheque,"182,921.59",0,"182,921.59"
13-Oct-20,IMPS,"24,460.91",0,"207,382.50"
13-Oct-20,Cheque,0,"20,738.25","186,644.25"
13-Oct-20,Miscellaneous,0,"186,644.25",0
13-Oct-20,Miscellaneous,25,0,25
13-Oct-20,Miscellaneous,0,3.13,21.88
13-Oct-20,Tax,458.9,0,480.78
13-Oct-20,Transfer,0,68.68,412.1
13-Oct-20,Transfer,275,0,687.1
13-Oct-20,Tax,0,171.78,515.33
13-Oct-20,IMPS,"561,576.00",0,"562,091.33"
13-Oct-20,Cash,0,"70,261.42","491,829.91"
13-Oct-20,Transfer,0,"54,647.77","437,182.14"
13-Oct-20,Commission,0,"109,295.54","327,886.60"
13-Oct-20,Commission,0,"32,788.66","295,097.94"
13-Oct-20,RTGS,2,0,"295,099.94"
13-Oct-20,NEFT,0,"32,788.88","262,311.06"
13-Oct-20,NEFT,130,0,"262,441.06"
13-Oct-20,Debit Card,0,"43,740.18","218,700.88"
13-Oct-20,Reversal,"670,400.00",0,"889,100.88"
13-Oct-20,Debit Card,3.1,0,"889,103.98"
13-Oct-20,Tax,0,"88,910.40","800,193.58"
13-Oct-20,RTGS,"2,518.72",0,"802,712.30"
13-Oct-20,Commission,"48,901.38",0,"851,613.68"
13-Oct-20,Purchase,"5,908.50",0,"857,522.18"
13-Oct-20,IMPS,0,"214,380.55","643,141.64"
13-Oct-20,Miscellaneous,17,0,"643,158.64"
13-Oct-20,Commission,"139,110.80",0,"782,269.44"
13-Oct-20,Purchase,14.7,0,"782,284.14"
13-Oct-20,IMPS,"1,470,359.50",0,"2,252,643.64"
13-Oct-20,Commission,0,"281,580.46","1,971,063.18"
13-Oct-20,Debit Card,0,"197,106.32","1,773,956.86"
13-Oct-20,Interest,0,"443,489.22","1,330,467.64"
13-Oct-20,NEFT,0,"665,233.82","665,233.82"
13-Oct-20,RTGS,8,0,"665,241.82"
13-Oct-20,Cheque,0,"110,873.64","554,368.18"
13-Oct-20,Interest,51.95,0,"554,420.13"
13-Oct-20,Commission,56.9,0,"554,477.03"
13-Oct-20,Debit Card,47.2,0,"554,524.23"
13-Oct-20,Interest,0,"110,904.85","443,619.38"
13-Oct-20,Reversal,0,"73,936.56","369,682.82"
13-Oct-20,Commission,0,"61,613.80","308,069.02"
13-Oct-20,Purchase,0,"51,344.84","256,724.18"
13-Oct-20,RTGS,59,0,"256,783.18"
13-Oct-20,RTGS,0,"28,531.46","228,251.72"
13-Oct-20,IMPS,"1,895,747.50",0,"2,123,999.22"
13-Oct-20,Cheque,0.08,0,"2,123,999.30"
13-Oct-20,IMPS,35.77,0,"2,124,035.07"
13-Oct-20,RTGS,7.34,0,"2,124,042.41"
13-Oct-20,Interest,511.11,0,"2,124,553.52"
13-Oct-20,RTGS,0,"708,184.51","1,416,369.01"
13-Oct-20,Cash,0,"708,184.51","708,184.50"
13-Oct-20,Commission,16,0,"708,200.50"
13-Oct-20,Purchase,0,"708,200.50",0
13-Oct-20,Cash,"11,692.14",0,"11,692.14"
13-Oct-20,Tax,0,"1,670.31","10,021.83"
13-Oct-20,Cheque,1.2,0,"10,023.03"
13-Oct-20,IMPS,0,"1,002.30","9,020.73"
13-Oct-20,Tax,"8,602.20",0,"17,622.93"
13-Oct-20,ATM,0,"4,405.73","13,217.20"
13-Oct-20,Miscellaneous,"8,386.20",0,"21,603.40"
13-Oct-20,Debit Card,0,"2,400.38","19,203.02"
13-Oct-20,Debit Card,6.31,0,"19,209.33"
13-Oct-20,Reversal,183,0,"19,392.33"
13-Oct-20,Tax,0,"19,392.33",0
14-Oct-20,Transfer,"96,253.30",0,"96,253.30"
14-Oct-20,Reversal,0,"24,063.33","72,189.98"
15-Oct-20,Interest,31,0,"72,220.98"
15-Oct-20,RTGS,0,"18,055.25","54,165.74"
15-Oct-20,ATM,0,"7,737.96","46,427.78"
15-Oct-20,Interest,0,"7,737.96","38,689.82"
15-Oct-20,Cash,"1,436.00",0,"40,125.82"
15-Oct-20,NEFT,42,0,"40,167.82"
15-Oct-20,Cash,0,"13,389.27","26,778.55"
15-Oct-20,Miscellaneous,"14,683.38",0,"41,461.93"
15-Oct-20,Reversal,38.4,0,"41,500.33"
15-Oct-20,Cheque,0,"41,500.33",0
15-Oct-20,Debit Card,133.4,0,133.4
15-Oct-20,Tax,0,44.47,88.93
15-Oct-20,Interest,"2,923.32",0,"3,012.25"
15-Oct-20,IMPS,0,753.06,"2,259.19"
15-Oct-20,Cash,484.04,0,"2,743.23"
15-Oct-20,ATM,0,457.21,"2,286.02"
15-Oct-20,Reversal,"1,635,440.00",0,"1,637,726.02"
15-Oct-20,Interest,4.4,0,"1,637,730.42"
15-Oct-20,NEFT,0,"233,961.49","1,403,768.93"
15-Oct-20,Interest,0,"280,753.79","1,123,015.14"
15-Oct-20,Commission,0,"140,376.89","982,638.25"
15-Oct-20,Purchase,42,0,"982,680.25"
15-Oct-20,ATM,"1,769.00",0,"984,449.25"
15-Oct-20,Miscellaneous,0,"328,149.75","656,299.50"
15-Oct-20,NEFT,0,"109,383.25","546,916.25"
15-Oct-20,Reversal,0,"54,691.63","492,224.62"
15-Oct-20,Bill,0,"246,112.31","246,112.31"
15-Oct-20,Debit Card,"11,569.00",0,"257,681.31"
15-Oct-20,Tax,62.2,0,"257,743.51"
15-Oct-20,Tax,216,0,"257,959.51"
15-Oct-20,NEFT,48.64,0,"258,008.15"
15-Oct-20,Transfer,0,"25,800.82","232,207.34"
15-Oct-20,Tax,28.3,0,"232,235.64"
15-Oct-20,Reversal,0,"33,176.52","199,059.12"
15-Oct-20,Cheque,"6,843.69",0,"205,902.81"
15-Oct-20,Debit Card,"287,341.25",0,"493,244.06"
15-Oct-20,Tax,828.89,0,"494,072.95"
15-Oct-20,Miscellaneous,"188,235.00",0,"682,307.95"
15-Oct-20,ATM,0,"227,435.98","454,871.97"
15-Oct-20,IMPS,0,"64,981.71","389,890.26"
15-Oct-20,ATM,0,"38,989.03","350,901.23"
15-Oct-20,RTGS,2.69,0,"350,903.92"
16-Oct-20,Miscellaneous,0,"175,451.96","175,451.96"
16-Oct-20,NEFT,21,0,"175,472.96"
16-Oct-20,Purchase,"15,562.00",0,"191,034.96"
16-Oct-20,Tax,6.95,0,"191,041.91"
16-Oct-20,Miscellaneous,"37,069.81",0,"228,111.72"
16-Oct-20,Transfer,"1,075,030.20",0,"1,303,141.92"
16-Oct-20,Transfer,0,"144,793.55","1,158,348.37"
16-Oct-20,Commission,0,"1,158,348.37",0
16-Oct-20,Commission,"2,188.27",0,"2,188.27"
16-Oct-20,Cash,0,312.61,"1,875.66"
16-Oct-20,Miscellaneous,"21,558.00",0,"23,433.66"
16-Oct-20,Bill,0,"4,686.73","18,746.93"
16-Oct-20,Tax,0,"3,749.39","14,997.54"
16-Oct-20,Purchase,56.28,0,"15,053.82"
16-Oct-20,Bill,"218,999.80",0,"234,053.62"
16-Oct-20,Transfer,"31,083.00",0,"265,136.62"
16-Oct-20,RTGS,0,"66,284.16","198,852.46"
16-Oct-20,Purchase,14,0,"198,866.46"
16-Oct-20,Debit Card,0,"33,144.41","165,722.05"
17-Oct-20,Purchase,0,"55,240.68","110,481.37"
17-Oct-20,Interest,"3,314.40",0,"113,795.77"
17-Oct-20,Tax,"13,099.00",0,"126,894.77"
17-Oct-20,Interest,0,"42,298.26","84,596.51"
17-Oct-20,Tax,0,"16,919.30","67,677.21"
17-Oct-20,Miscellaneous,"87,349.50",0,"155,026.71"
17-Oct-20,Debit Card,0,"77,513.36","77,513.36"
17-Oct-20,Cash,0,"9,689.17","67,824.19"
17-Oct-20,Bill,"14,218.00",0,"82,042.19"
17-Oct-20,Miscellaneous,383,0,"82,425.19"
17-Oct-20,IMPS,0,"8,242.52","74,182.67"
17-Oct-20,IMPS,0,"14,836.53","59,346.14"
17-Oct-20,Purchase,0,"14,836.54","44,509.60"
17-Oct-20,Purchase,25.8,0,"44,535.40"
17-Oct-20,Tax,0,"22,267.70","22,267.70"
17-Oct-20,Cash,37.92,0,"22,305.62"
17-Oct-20,NEFT,0,"7,435.21","14,870.41"
17-Oct-20,Cheque,0,"1,652.27","13,218.14"
17-Oct-20,Interest,"183,038.00",0,"196,256.14"
17-Oct-20,Bill,"85,536.00",0,"281,792.14"
17-Oct-20,Bill,"2,002.00",0,"283,794.14"
17-Oct-20,Commission,"102,780.20",0,"386,574.34"
17-Oct-20,Miscellaneous,0,"48,321.79","338,252.55"
17-Oct-20,Reversal,4,0,"338,256.55"
17-Oct-20,Cheque,0,"112,752.18","225,504.37"
17-Oct-20,Cash,0,"25,056.04","200,448.33"
17-Oct-20,ATM,0,"20,044.83","180,403.50"
17-Oct-20,Debit Card,0,"180,403.50",0
17-Oct-20,Debit Card,"3,759.28",0,"3,759.28"
17-Oct-20,Purchase,"505,079.50",0,"508,838.78"
17-Oct-20,Debit Card,70.22,0,"508,909.00"
17-Oct-20,Cheque,0,"56,545.44","452,363.56"
17-Oct-20,Miscellaneous,"11,659.10",0,"464,022.66"
17-Oct-20,NEFT,0,"232,011.33","232,011.33"
17-Oct-20,Bill,0,"38,668.56","193,342.78"
17-Oct-20,Bill,0,"32,223.80","161,118.98"
17-Oct-20,Tax,"21,977.00",0,"183,095.98"
17-Oct-20,Interest,0,"36,619.20","146,476.78"
17-Oct-20,RTGS,0,"29,295.36","117,181.42"
17-Oct-20,NEFT,"2,715.00",0,"119,896.42"
17-Oct-20,Cheque,"1,176,203.00",0,"1,296,099.42"
17-Oct-20,Cash,5.52,0,"1,296,104.94"
17-Oct-20,Commission,"191,136.25",0,"1,487,241.19"
17-Oct-20,Miscellaneous,0,"1,487,241.19",0
17-Oct-20,Miscellaneous,7,0,7
17-Oct-20,Interest,0,1,6
18-Oct-20,Bill,179.14,0,185.14
18-Oct-20,Cheque,0,20.57,164.57
18-Oct-20,Interest,874,0,"1,038.57"
18-Oct-20,Tax,0,115.4,923.17
18-Oct-20,Cheque,"237,072.78",0,"237,995.95"
18-Oct-20,Cash,0,"79,331.98","158,663.97"
18-Oct-20,Transfer,"2,537.00",0,"161,200.97"
18-Oct-20,Cheque,0,"16,120.10","145,080.87"
18-Oct-20,NEFT,"122,413.00",0,"267,493.87"
18-Oct-20,IMPS,5,0,"267,498.87"
19-Oct-20,Tax,0,"29,722.10","237,776.77"
19-Oct-20,ATM,"11,979.80",0,"249,756.57"
19-Oct-20,Interest,0,"62,439.14","187,317.43"
19-Oct-20,Purchase,"29,286.00",0,"216,603.43"
19-Oct-20,Transfer,0,"108,301.72","108,301.72"
19-Oct-20,RTGS,"1,231,440.00",0,"1,339,741.72"
19-Oct-20,Bill,0,"148,860.19","1,190,881.53"
19-Oct-20,ATM,45,0,"1,190,926.53"
19-Oct-20,Interest,0,"238,185.31","952,741.22"
19-Oct-20,Purchase,8,0,"952,749.22"
19-Oct-20,Purchase,0,"95,274.92","857,474.30"
19-Oct-20,Transfer,18,0,"857,492.30"
19-Oct-20,Bill,0,"85,749.23","771,743.07"
19-Oct-20,Debit Card,0,"77,174.31","694,568.76"
19-Oct-20,Miscellaneous,0,"86,821.10","607,747.66"
19-Oct-20,Transfer,6.2,0,"607,753.86"
19-Oct-20,Transfer,6.79,0,"607,760.65"
19-Oct-20,NEFT,"3,079.10",0,"610,839.75"
19-Oct-20,Purchase,0,"67,871.08","542,968.67"
19-Oct-20,Commission,0,"67,871.08","475,097.59"
19-Oct-20,RTGS,5,0,"475,102.59"
19-Oct-20,ATM,0,"59,387.82","415,714.77"
19-Oct-20,Commission,"24,631.00",0,"440,345.77"
19-Oct-20,Cash,57,0,"440,402.77"
19-Oct-20,Miscellaneous,"139,997.10",0,"580,399.87"
19-Oct-20,IMPS,0,"290,199.94","290,199.94"
19-Oct-20,Interest,451.07,0,"290,651.01"
19-Oct-20,Debit Card,0,"145,325.51","145,325.50"
19-Oct-20,Tax,12,0,"145,337.50"
19-Oct-20,NEFT,0,"145,337.50",0
19-Oct-20,Cheque,"2,171.50",0,"2,171.50"
19-Oct-20,Debit Card,0,542.88,"1,628.62"
20-Oct-20,ATM,0,"1,628.62",0
20-Oct-20,Reversal,44,0,44
20-Oct-20,Commission,0,6.29,37.71
21-Oct-20,Purchase,1,0,38.71
21-Oct-20,Cash,0,4.3,34.41
21-Oct-20,Debit Card,0,17.21,17.2
22-Oct-20,Interest,525,0,542.2
22-Oct-20,IMPS,0,67.78,474.43
22-Oct-20,Bill,0,237.22,237.22
22-Oct-20,IMPS,"9,486.50",0,"9,723.72"
22-Oct-20,NEFT,"2,632.21",0,"12,355.93"
22-Oct-20,Interest,3,0,"12,358.93"
22-Oct-20,ATM,2,0,"12,360.93"
22-Oct-20,Reversal,164,0,"12,524.93"
22-Oct-20,NEFT,0,"1,391.66","11,133.27"
22-Oct-20,RTGS,"1,675,559.00",0,"1,686,692.27"
22-Oct-20,NEFT,"12,631.34",0,"1,699,323.61"
22-Oct-20,Cash,121,0,"1,699,444.61"
22-Oct-20,Debit Card,0,"188,827.18","1,510,617.43"
22-Oct-20,Bill,"66,070.25",0,"1,576,687.68"
22-Oct-20,Reversal,0,"394,171.92","1,182,515.76"
22-Oct-20,Tax,223.8,0,"1,182,739.56"
22-Oct-20,Cheque,0,"1,182,739.56",0
22-Oct-20,Transfer,"1,225,181.00",0,"1,225,181.00"
22-Oct-20,Tax,"31,236.00",0,"1,256,417.00"
23-Oct-20,Miscellaneous,0,"418,805.67","837,611.33"
23-Oct-20,Bill,0,"209,402.83","628,208.50"
23-Oct-20,Purchase,0,"125,641.70","502,566.80"
23-Oct-20,IMPS,0,"50,256.68","452,310.12"
23-Oct-20,ATM,4,0,"452,314.12"
23-Oct-20,Cheque,5.66,0,"452,319.78"
23-Oct-20,Reversal,201,0,"452,520.78"
23-Oct-20,IMPS,0,"90,504.16","362,016.62"
23-Oct-20,Debit Card,0,"51,716.66","310,299.96"
23-Oct-20,Debit Card,"19,960.00",0,"330,259.96"
23-Oct-20,Miscellaneous,0,"55,043.33","275,216.63"
23-Oct-20,Transfer,0,"30,579.63","244,637.00"
23-Oct-20,ATM,37.4,0,"244,674.40"
23-Oct-20,IMPS,0,"30,584.30","214,090.10"
23-Oct-20,ATM,48.93,0,"214,139.03"
23-Oct-20,NEFT,3.5,0,"214,142.53"
24-Oct-20,Cash,58,0,"214,200.53"
24-Oct-20,RTGS,"47,520.00",0,"261,720.53"
24-Oct-20,RTGS,0,"37,388.65","224,331.88"
24-Oct-20,ATM,0,"32,047.41","192,284.47"
24-Oct-20,Tax,0,"48,071.12","144,213.35"
24-Oct-20,Debit Card,21,0,"144,234.35"
24-Oct-20,NEFT,0,"28,846.87","115,387.48"
24-Oct-20,Purchase,0,"11,538.75","103,848.73"
24-Oct-20,Cash,0,"34,616.24","69,232.49"
24-Oct-20,Cash,0,"6,923.25","62,309.24"
24-Oct-20,ATM,"59,121.00",0,"121,430.24"
24-Oct-20,Reversal,"1,933,990.00",0,"2,055,420.24"
24-Oct-20,Transfer,0,"411,084.05","1,644,336.19"
24-Oct-20,Debit Card,"22,433.40",0,"1,666,769.59"
24-Oct-20,Interest,321.36,0,"1,667,090.95"
24-Oct-20,Purchase,0,"555,696.98","1,111,393.97"
24-Oct-20,Debit Card,0,"1,111,393.97",0
24-Oct-20,IMPS,"305,742.00",0,"305,742.00"
24-Oct-20,Cash,7.7,0,"305,749.70"
24-Oct-20,Reversal,"2,728.10",0,"308,477.80"
24-Oct-20,Bill,"1,665,345.50",0,"1,973,823.30"
24-Oct-20,Cheque,"3,069.10",0,"1,976,892.40"
24-Oct-20,RTGS,3.6,0,"1,976,896.00"
24-Oct-20,Reversal,"247,996.00",0,"2,224,892.00"
24-Oct-20,Tax,443.75,0,"2,225,335.75"
25-Oct-20,Bill,252,0,"2,225,587.75"
25-Oct-20,Cash,391.12,0,"2,225,978.87"
25-Oct-20,Bill,"20,486.00",0,"2,246,464.87"
25-Oct-20,Cash,5.9,0,"2,246,470.77"
25-Oct-20,Cheque,167,0,"2,246,637.77"
25-Oct-20,RTGS,"2,119.31",0,"2,248,757.08"
25-Oct-20,Purchase,464.7,0,"2,249,221.78"
25-Oct-20,RTGS,0,"374,870.30","1,874,351.48"
25-Oct-20,Reversal,23.4,0,"1,874,374.88"
25-Oct-20,Cheque,0,"234,296.86","1,640,078.02"
25-Oct-20,Cash,"159,319.00",0,"1,799,397.02"
25-Oct-20,Cash,0,"224,924.63","1,574,472.39"
25-Oct-20,Cash,0,"1,574,472.39",0
25-Oct-20,NEFT,"1,281,239.00",0,"1,281,239.00"
25-Oct-20,Purchase,0,"640,619.50","640,619.50"
25-Oct-20,ATM,119.2,0,"640,738.70"
26-Oct-20,ATM,60,0,"640,798.70"
26-Oct-20,IMPS,0,"128,159.74","512,638.96"
26-Oct-20,ATM,0,"51,263.90","461,375.06"
26-Oct-20,Commission,"13,920.05",0,"475,295.11"
26-Oct-20,Tax,0,"79,215.85","396,079.26"
26-Oct-20,IMPS,0,"49,509.91","346,569.35"
26-Oct-20,IMPS,0,"346,569.35",0
27-Oct-20,Interest,"1,026.20",0,"1,026.20"
27-Oct-20,Tax,0,102.62,923.58
27-Oct-20,Cash,228.65,0,"1,152.23"
27-Oct-20,Miscellaneous,0,"1,152.23",0
27-Oct-20,NEFT,"3,634.00",0,"3,634.00"
27-Oct-20,Interest,0,726.8,"2,907.20"
27-Oct-20,Purchase,0,726.8,"2,180.40"
27-Oct-20,Bill,0,726.8,"1,453.60"
27-Oct-20,NEFT,882,0,"2,335.60"
27-Oct-20,Reversal,0,291.95,"2,043.65"
27-Oct-20,Commission,0,291.95,"1,751.70"
27-Oct-20,Miscellaneous,588.6,0,"2,340.30"
27-Oct-20,Purchase,0,585.08,"1,755.22"
27-Oct-20,Tax,6,0,"1,761.22"
27-Oct-20,Transfer,0,220.15,"1,541.07"
27-Oct-20,Debit Card,"11,621.00",0,"13,162.07"
27-Oct-20,NEFT,"2,060,970.50",0,"2,074,132.57"
27-Oct-20,IMPS,0,"207,413.26","1,866,719.31"
27-Oct-20,ATM,0,"622,239.77","1,244,479.54"
27-Oct-20,Purchase,"20,823.20",0,"1,265,302.74"
27-Oct-20,Tax,0,"632,651.37","632,651.37"
27-Oct-20,Interest,"215,731.00",0,"848,382.37"
27-Oct-20,Debit Card,0,"94,264.71","754,117.66"
27-Oct-20,Debit Card,0,"107,731.09","646,386.57"
27-Oct-20,Cash,0,"92,340.94","554,045.63"
27-Oct-20,Debit Card,3.92,0,"554,049.55"
27-Oct-20,Tax,0,"69,256.19","484,793.36"
27-Oct-20,Interest,0,"161,597.79","323,195.57"
27-Oct-20,Miscellaneous,"1,057.00",0,"324,252.57"
27-Oct-20,Purchase,0,"162,126.29","162,126.28"
27-Oct-20,RTGS,0,"20,265.79","141,860.50"
27-Oct-20,Miscellaneous,154.96,0,"142,015.46"
27-Oct-20,RTGS,"1,252,054.50",0,"1,394,069.96"
27-Oct-20,Cash,0,"278,813.99","1,115,255.97"
27-Oct-20,IMPS,0,"159,322.28","955,933.69"
27-Oct-20,IMPS,0,"95,593.37","860,340.32"
27-Oct-20,Miscellaneous,"1,956.00",0,"862,296.32"
27-Oct-20,Miscellaneous,0,"172,459.26","689,837.06"
27-Oct-20,Reversal,0,"86,229.63","603,607.43"
27-Oct-20,ATM,0,"60,360.74","543,246.69"
27-Oct-20,Interest,0,"108,649.34","434,597.35"
27-Oct-20,Tax,"714,212.25",0,"1,148,809.60"
27-Oct-20,Commission,"31,102.59",0,"1,179,912.19"
27-Oct-20,Interest,7,0,"1,179,919.19"
27-Oct-20,Cash,0,"1,179,919.19",0
27-Oct-20,Miscellaneous,"191,777.00",0,"191,777.00"
27-Oct-20,Purchase,14,0,"191,791.00"
27-Oct-20,Commission,"137,706.59",0,"329,497.59"
27-Oct-20,Bill,0,"32,949.76","296,547.83"
27-Oct-20,Purchase,0,"42,363.98","254,183.85"
27-Oct-20,Tax,431,0,"254,614.85"
27-Oct-20,Cash,30.8,0,"254,645.65"
27-Oct-20,IMPS,0,"42,440.94","212,204.71"
27-Oct-20,Miscellaneous,0,"53,051.18","159,153.53"
27-Oct-20,Tax,6.3,0,"159,159.83"
27-Oct-20,Miscellaneous,7.7,0,"159,167.53"
28-Oct-20,Commission,"1,225.92",0,"160,393.45"
28-Oct-20,Transfer,188.64,0,"160,582.09"
28-Oct-20,Transfer,46.2,0,"160,628.29"
28-Oct-20,Cheque,0,"26,771.38","133,856.91"
29-Oct-20,Debit Card,0,"19,122.42","114,734.49"
29-Oct-20,RTGS,"173,562.40",0,"288,296.89"
29-Oct-20,Miscellaneous,0,"72,074.22","216,222.67"
29-Oct-20,Miscellaneous,0,"30,888.95","185,333.72"
29-Oct-20,Cheque,434,0,"185,767.72"
29-Oct-20,NEFT,36.6,0,"185,804.32"
29-Oct-20,Transfer,0,"61,934.77","123,869.55"
29-Oct-20,Commission,"3,866.70",0,"127,736.25"
29-Oct-20,NEFT,0,"31,934.06","95,802.19"
29-Oct-20,IMPS,286.7,0,"96,088.89"
29-Oct-20,NEFT,"13,250.00",0,"109,338.89"
29-Oct-20,Cash,"166,438.75",0,"275,777.64"
29-Oct-20,Commission,0,"137,888.82","137,888.82"
29-Oct-20,Commission,"1,398,908.00",0,"1,536,796.82"
29-Oct-20,Debit Card,191,0,"1,536,987.82"
29-Oct-20,Commission,7.32,0,"1,536,995.14"
30-Oct-20,Bill,0,"192,124.39","1,344,870.75"
30-Oct-20,Tax,48.3,0,"1,344,919.05"
30-Oct-20,Interest,0,"192,131.29","1,152,787.76"
30-Oct-20,IMPS,86.84,0,"1,152,874.60"
30-Oct-20,ATM,10.87,0,"1,152,885.47"
30-Oct-20,NEFT,"76,268.30",0,"1,229,153.77"
30-Oct-20,ATM,"60,142.00",0,"1,289,295.77"
30-Oct-20,Bill,0,"143,255.09","1,146,040.68"
30-Oct-20,Debit Card,"1,175,541.50",0,"2,321,582.18"
31-Oct-20,Interest,"9,155.08",0,"2,330,737.26"
31-Oct-20,Bill,0,"233,073.73","2,097,663.53"
01-Nov-20,Commission,0,"209,766.35","1,887,897.18"
01-Nov-20,Debit Card,0,"188,789.72","1,699,107.46"
01-Nov-20,Bill,"692,424.00",0,"2,391,531.46"
01-Nov-20,Cheque,2,0,"2,391,533.46"
01-Nov-20,Transfer,296,0,"2,391,829.46"
01-Nov-20,Debit Card,0,"597,957.37","1,793,872.10"
01-Nov-20,Debit Card,0,"199,319.12","1,594,552.98"
01-Nov-20,Purchase,0,"398,638.25","1,195,914.73"
01-Nov-20,Debit Card,"3,189.70",0,"1,199,104.43"
01-Nov-20,IMPS,"24,574.10",0,"1,223,678.53"
01-Nov-20,Transfer,0,"122,367.85","1,101,310.68"
01-Nov-20,Cheque,0,"1,101,310.68",0
01-Nov-20,Transfer,59,0,59
01-Nov-20,Debit Card,1,0,60
01-Nov-20,Interest,0,10,50
01-Nov-20,RTGS,"298,571.00",0,"298,621.00"
01-Nov-20,Cheque,0,"149,310.50","149,310.50"
01-Nov-20,Debit Card,0,"37,327.63","111,982.88"
01-Nov-20,Transfer,4,0,"111,986.88"
01-Nov-20,Tax,"22,453.30",0,"134,440.18"
02-Nov-20,Commission,490.3,0,"134,930.48"
02-Nov-20,Transfer,11.5,0,"134,941.98"
02-Nov-20,Purchase,0,"33,735.50","101,206.49"
02-Nov-20,Cash,0,"11,245.17","89,961.32"
02-Nov-20,Cash,0,"89,961.32",0
02-Nov-20,Reversal,"1,764.80",0,"1,764.80"
02-Nov-20,ATM,0,294.13,"1,470.67"
02-Nov-20,Purchase,0,735.34,735.34
02-Nov-20,Transfer,"2,551.55",0,"3,286.89"
02-Nov-20,Interest,"1,939,278.00",0,"1,942,564.89"
02-Nov-20,Reversal,31.46,0,"1,942,596.35"
02-Nov-20,Tax,0,"647,532.12","1,295,064.23"
02-Nov-20,Cash,"1,545.60",0,"1,296,609.83"
02-Nov-20,ATM,1.83,0,"1,296,611.66"
02-Nov-20,Bill,511.7,0,"1,297,123.36"
02-Nov-20,Tax,17,0,"1,297,140.36"
02-Nov-20,IMPS,0,"648,570.18","648,570.18"
02-Nov-20,Bill,0,"324,285.09","324,285.09"
02-Nov-20,Cash,0,"54,047.52","270,237.58"
02-Nov-20,Transfer,0,"54,047.52","216,190.06"
02-Nov-20,IMPS,0,"36,031.68","180,158.38"
02-Nov-20,Transfer,29,0,"180,187.38"
02-Nov-20,Cash,0,"60,062.46","120,124.92"
02-Nov-20,IMPS,0,"13,347.21","106,777.71"
02-Nov-20,Commission,0,"17,796.29","88,981.42"
02-Nov-20,ATM,0,"11,122.68","77,858.74"
02-Nov-20,Commission,11,0,"77,869.74"
02-Nov-20,Debit Card,0,"11,124.25","66,745.49"
02-Nov-20,Reversal,405,0,"67,150.49"
02-Nov-20,Purchase,0,"11,191.75","55,958.74"
02-Nov-20,Transfer,28.4,0,"55,987.14"
02-Nov-20,Transfer,"2,600.10",0,"58,587.24"
02-Nov-20,Bill,0,"19,529.08","39,058.16"
02-Nov-20,IMPS,0,"39,058.16",0
02-Nov-20,NEFT,"15,647.24",0,"15,647.24"
02-Nov-20,NEFT,258,0,"15,905.24"
02-Nov-20,Reversal,7,0,"15,912.24"
02-Nov-20,ATM,0,"3,182.45","12,729.79"
02-Nov-20,ATM,112,0,"12,841.79"
02-Nov-20,Cash,0,"2,568.36","10,273.43"
02-Nov-20,IMPS,"110,150.00",0,"120,423.43"
02-Nov-20,Miscellaneous,"1,683.30",0,"122,106.73"
02-Nov-20,Debit Card,0,"17,443.82","104,662.91"
02-Nov-20,Tax,"2,959.00",0,"107,621.91"
02-Nov-20,Purchase,0,"10,762.19","96,859.72"
02-Nov-20,Tax,9,0,"96,868.72"
02-Nov-20,Reversal,"1,054,200.20",0,"1,151,068.92"
02-Nov-20,Purchase,0,"127,896.55","1,023,172.37"
02-Nov-20,Commission,7.5,0,"1,023,179.87"
02-Nov-20,RTGS,"22,490.90",0,"1,045,670.77"
02-Nov-20,Reversal,"10,794.00",0,"1,056,464.77"
02-Nov-20,Transfer,"97,944.62",0,"1,154,409.39"
02-Nov-20,ATM,0,"164,915.63","989,493.76"
02-Nov-20,Commission,"2,114.10",0,"991,607.86"
02-Nov-20,Debit Card,0,"198,321.57","793,286.29"
02-Nov-20,Purchase,"749,200.00",0,"1,542,486.29"
02-Nov-20,Reversal,"23,050.90",0,"1,565,537.19"
02-Nov-20,NEFT,0,"173,948.58","1,391,588.61"
03-Nov-20,Cash,609.9,0,"1,392,198.51"
03-Nov-20,Debit Card,0,"174,024.81","1,218,173.70"
03-Nov-20,Purchase,0,"203,028.95","1,015,144.75"
03-Nov-20,Commission,0,"169,190.79","845,953.96"
03-Nov-20,Bill,0,"211,488.49","634,465.47"
03-Nov-20,Transfer,0,"63,446.55","571,018.92"
03-Nov-20,Reversal,7,0,"571,025.92"
03-Nov-20,IMPS,0,"571,025.92",0
03-Nov-20,Interest,668,0,668
03-Nov-20,Debit Card,"828,849.00",0,"829,517.00"
03-Nov-20,Cash,"14,558.82",0,"844,075.82"
03-Nov-20,Debit Card,0.3,0,"844,076.12"
04-Nov-20,Miscellaneous,0,"844,076.12",0
04-Nov-20,Bill,"1,773,052.00",0,"1,773,052.00"
04-Nov-20,Cash,0,"1,773,052.00",0
04-Nov-20,Purchase,393.9,0,393.9
04-Nov-20,ATM,0,56.27,337.63
04-Nov-20,IMPS,6.5,0,344.13
04-Nov-20,Miscellaneous,0,68.83,275.3
04-Nov-20,Cash,0,275.3,0
04-Nov-20,Transfer,1.71,0,1.71
04-Nov-20,IMPS,0,0.43,1.28
04-Nov-20,Cheque,6,0,7.28
04-Nov-20,NEFT,0,0.81,6.47
04-Nov-20,Cash,0.6,0,7.07
04-Nov-20,Cash,0,0.71,6.36
04-Nov-20,Purchase,0,0.71,5.65
04-Nov-20,RTGS,"3,601.28",0,"3,606.93"
04-Nov-20,Cheque,"3,065.80",0,"6,672.73"
04-Nov-20,Cash,0,"2,224.24","4,448.49"
04-Nov-20,Transfer,0,"4,448.49",0
04-Nov-20,Cheque,552,0,552
04-Nov-20,ATM,0,184,368
04-Nov-20,Debit Card,"31,482.00",0,"31,850.00"
04-Nov-20,Reversal,17,0,"31,867.00"
04-Nov-20,Tax,"56,268.56",0,"88,135.56"
04-Nov-20,Purchase,0,0,"88,135.56"
04-Nov-20,IMPS,"1,830.90",0,"89,966.46"
04-Nov-20,Cash,0,"89,966.46",0
05-Nov-20,Interest,"1,996,736.00",0,"1,996,736.00"
05-Nov-20,Bill,77,0,"1,996,813.00"
05-Nov-20,Tax,0,"665,604.33","1,331,208.67"
05-Nov-20,Interest,"126,650.00",0,"1,457,858.67"
05-Nov-20,NEFT,"231,703.00",0,"1,689,561.67"
05-Nov-20,Debit Card,0,"211,195.21","1,478,366.46"
05-Nov-20,Reversal,0,"1,478,366.46",0
05-Nov-20,Commission,13.88,0,13.88
05-Nov-20,NEFT,"3,071.00",0,"3,084.88"
05-Nov-20,Miscellaneous,0,"3,084.88",0
05-Nov-20,Cash,9.58,0,9.58
05-Nov-20,IMPS,303.22,0,312.8
05-Nov-20,Transfer,63.51,0,376.31
05-Nov-20,Reversal,3.7,0,380.01
05-Nov-20,Miscellaneous,"1,927.14",0,"2,307.15"
05-Nov-20,Transfer,0,576.79,"1,730.36"
05-Nov-20,Miscellaneous,2.06,0,"1,732.42"
05-Nov-20,Interest,0,346.48,"1,385.94"
05-Nov-20,Commission,0,153.99,"1,231.95"
05-Nov-20,Cheque,468.24,0,"1,700.19"
05-Nov-20,Commission,458.56,0,"2,158.75"
05-Nov-20,Commission,0,"2,158.75",0
05-Nov-20,Interest,216.5,0,216.5
05-Nov-20,Miscellaneous,"1,044.50",0,"1,261.00"
05-Nov-20,IMPS,29,0,"1,290.00"
05-Nov-20,Miscellaneous,"411,377.00",0,"412,667.00"
05-Nov-20,Miscellaneous,0,"68,777.83","343,889.17"
05-Nov-20,Purchase,0,"343,889.17",0
05-Nov-20,Commission,"52,183.56",0,"52,183.56"
05-Nov-20,Purchase,0,"26,091.78","26,091.78"
05-Nov-20,Commission,51.8,0,"26,143.58"
05-Nov-20,Miscellaneous,"62,750.22",0,"88,893.80"
05-Nov-20,NEFT,296.3,0,"89,190.10"
05-Nov-20,Bill,"49,618.90",0,"138,809.00"
05-Nov-20,Tax,0,"15,423.22","123,385.78"
05-Nov-20,Tax,48,0,"123,433.78"
05-Nov-20,RTGS,0,"15,429.22","108,004.56"
05-Nov-20,Bill,0,"108,004.56",0
05-Nov-20,Miscellaneous,6.4,0,6.4
05-Nov-20,RTGS,"1,502,072.00",0,"1,502,078.40"
05-Nov-20,Commission,0,"751,039.20","751,039.20"
05-Nov-20,Miscellaneous,0,"93,879.90","657,159.30"
05-Nov-20,Bill,"1,293,207.00",0,"1,950,366.30"
05-Nov-20,Purchase,0,"975,183.15","975,183.15"
05-Nov-20,Cash,0,"139,311.88","835,871.27"
05-Nov-20,Debit Card,"20,775.00",0,"856,646.27"
05-Nov-20,Transfer,0,"95,182.92","761,463.35"
05-Nov-20,NEFT,0,"190,365.84","571,097.51"
05-Nov-20,Debit Card,0,"71,387.19","499,710.32"
05-Nov-20,Bill,0,"124,927.58","374,782.74"
05-Nov-20,Debit Card,"26,497.00",0,"401,279.74"
05-Nov-20,Bill,"149,438.09",0,"550,717.83"
05-Nov-20,Purchase,0,"137,679.46","413,038.37"
05-Nov-20,ATM,0,"41,303.84","371,734.53"
05-Nov-20,ATM,0,"61,955.76","309,778.78"
05-Nov-20,Cash,12.44,0,"309,791.22"
05-Nov-20,Reversal,"138,219.00",0,"448,010.22"
05-Nov-20,RTGS,"3,138.30",0,"451,148.52"
05-Nov-20,ATM,0,"56,393.57","394,754.96"
05-Nov-20,Cash,37,0,"394,791.96"
05-Nov-20,Cheque,"71,906.56",0,"466,698.52"
05-Nov-20,IMPS,0,"93,339.70","373,358.82"
05-Nov-20,ATM,51.8,0,"373,410.62"
05-Nov-20,ATM,0,"93,352.66","280,057.96"
05-Nov-20,Commission,5.12,0,"280,063.08"
05-Nov-20,RTGS,0,"280,063.08",0
05-Nov-20,Miscellaneous,"3,926.61",0,"3,926.61"
05-Nov-20,Miscellaneous,"32,167.95",0,"36,094.56"
05-Nov-20,Cash,"861,546.50",0,"897,641.06"
05-Nov-20,Debit Card,0,"99,737.90","797,903.16"
05-Nov-20,Purchase,0,"88,655.91","709,247.25"
05-Nov-20,Transfer,"9,274.25",0,"718,521.50"
05-Nov-20,Miscellaneous,4.6,0,"718,526.10"
05-Nov-20,Cheque,0,"179,631.53","538,894.57"
05-Nov-20,Tax,0,"179,631.52","359,263.05"
05-Nov-20,NEFT,0,"39,918.12","319,344.93"
05-Nov-20,ATM,0,"35,482.77","283,862.16"
05-Nov-20,Bill,"1,769,560.25",0,"2,053,422.41"
05-Nov-20,NEFT,0,"1,026,711.21","1,026,711.20"
05-Nov-20,Tax,"23,286.00",0,"1,049,997.20"
05-Nov-20,Bill,"17,795.44",0,"1,067,792.64"
05-Nov-20,Commission,0,"266,948.16","800,844.48"
05-Nov-20,Transfer,"21,841.00",0,"822,685.48"
05-Nov-20,Commission,0,"137,114.25","685,571.23"
05-Nov-20,IMPS,"3,639.00",0,"689,210.23"
05-Nov-20,Transfer,0,"86,151.28","603,058.95"
05-Nov-20,Tax,"606,704.00",0,"1,209,762.95"
05-Nov-20,ATM,0,"201,627.16","1,008,135.79"
05-Nov-20,IMPS,"24,662.00",0,"1,032,797.79"
05-Nov-20,Cash,44.83,0,"1,032,842.62"
05-Nov-20,Commission,0,"206,568.52","826,274.10"
05-Nov-20,ATM,0,"118,039.16","708,234.94"
05-Nov-20,Cheque,97,0,"708,331.94"
05-Nov-20,Tax,"203,604.50",0,"911,936.44"
05-Nov-20,Debit Card,0,"455,968.22","455,968.22"
05-Nov-20,Miscellaneous,0,"455,968.22",0
05-Nov-20,Miscellaneous,"29,023.00",0,"29,023.00"
05-Nov-20,Cheque,0,"5,804.60","23,218.40"
05-Nov-20,Debit Card,141.32,0,"23,359.72"
05-Nov-20,NEFT,0,"2,335.97","21,023.75"
05-Nov-20,Commission,"1,241,026.50",0,"1,262,050.25"
05-Nov-20,Cash,0,"157,756.28","1,104,293.97"
05-Nov-20,RTGS,"13,868.00",0,"1,118,161.97"
05-Nov-20,ATM,0,"159,737.42","958,424.55"
05-Nov-20,RTGS,0,"95,842.46","862,582.10"
05-Nov-20,Cheque,0,"107,822.76","754,759.34"
05-Nov-20,RTGS,0,"83,862.15","670,897.19"
05-Nov-20,NEFT,0,"111,816.20","559,080.99"
05-Nov-20,ATM,2,0,"559,082.99"
05-Nov-20,Cheque,0,"139,770.75","419,312.24"
05-Nov-20,Bill,0,"139,770.75","279,541.49"
05-Nov-20,Miscellaneous,"10,837.72",0,"290,379.21"
05-Nov-20,Debit Card,7.5,0,"290,386.71"
05-Nov-20,Transfer,"81,298.40",0,"371,685.11"
05-Nov-20,NEFT,0,"185,842.56","185,842.56"
05-Nov-20,RTGS,0,"26,548.94","159,293.62"
05-Nov-20,Cheque,0,"39,823.41","119,470.22"
05-Nov-20,Reversal,0,"11,947.02","107,523.20"
05-Nov-20,Commission,"2,141.00",0,"109,664.20"
05-Nov-20,Cheque,"314,931.75",0,"424,595.95"
05-Nov-20,Bill,58.11,0,"424,654.06"
06-Nov-20,Bill,"1,570,745.20",0,"1,995,399.26"
06-Nov-20,Cash,"141,286.00",0,"2,136,685.26"
06-Nov-20,Bill,101.5,0,"2,136,786.76"
06-Nov-20,Interest,"2,855.90",0,"2,139,642.66"
06-Nov-20,IMPS,49.1,0,"2,139,691.76"
06-Nov-20,RTGS,"1,517,886.00",0,"3,657,577.76"
06-Nov-20,Reversal,0,"1,828,788.88","1,828,788.88"
06-Nov-20,Purchase,"138,527.50",0,"1,967,316.38"
06-Nov-20,Cheque,0,"983,658.19","983,658.19"
06-Nov-20,Cheque,"18,835.60",0,"1,002,493.79"
06-Nov-20,RTGS,"1,535.10",0,"1,004,028.89"
06-Nov-20,Purchase,0,"1,004,028.89",0
06-Nov-20,Debit Card,253.26,0,253.26
06-Nov-20,RTGS,21.9,0,275.16
06-Nov-20,Reversal,"162,200.00",0,"162,475.16"
06-Nov-20,Cheque,0,"18,052.80","144,422.36"
06-Nov-20,Tax,"1,416,581.20",0,"1,561,003.56"
07-Nov-20,Bill,0,"1,561,003.56",0
07-Nov-20,NEFT,51.28,0,51.28
08-Nov-20,Debit Card,4.3,0,55.58
08-Nov-20,Debit Card,406.13,0,461.71
08-Nov-20,Tax,57.5,0,519.21
08-Nov-20,Commission,64.99,0,584.2
08-Nov-20,RTGS,"30,425.44",0,"31,009.64"
08-Nov-20,Miscellaneous,0,"3,100.96","27,908.68"
08-Nov-20,Purchase,"1,995,733.00",0,"2,023,641.68"
08-Nov-20,IMPS,0,"289,091.67","1,734,550.01"
08-Nov-20,RTGS,"16,201.10",0,"1,750,751.11"
08-Nov-20,Tax,0,"350,150.22","1,400,600.89"
08-Nov-20,IMPS,0,"140,060.09","1,260,540.80"
08-Nov-20,Interest,341,0,"1,260,881.80"
08-Nov-20,NEFT,"2,944.70",0,"1,263,826.50"
08-Nov-20,Commission,338.83,0,"1,264,165.33"
08-Nov-20,Commission,"164,769.40",0,"1,428,934.73"
08-Nov-20,Cash,"112,863.80",0,"1,541,798.53"
08-Nov-20,Tax,0,"256,966.42","1,284,832.11"
08-Nov-20,Cheque,"56,570.50",0,"1,341,402.61"
08-Nov-20,Miscellaneous,"287,766.00",0,"1,629,168.61"
09-Nov-20,Reversal,"114,602.22",0,"1,743,770.83"
09-Nov-20,NEFT,0,"174,377.08","1,569,393.75"
09-Nov-20,ATM,6.9,0,"1,569,400.65"
09-Nov-20,RTGS,"2,478.00",0,"1,571,878.65"
09-Nov-20,ATM,16.27,0,"1,571,894.92"
09-Nov-20,ATM,0,"261,982.49","1,309,912.43"
09-Nov-20,Debit Card,0,"130,991.24","1,178,921.19"
09-Nov-20,NEFT,5,0,"1,178,926.19"
09-Nov-20,Tax,"1,861,592.00",0,"3,040,518.19"
09-Nov-20,Purchase,1.9,0,"3,040,520.09"
09-Nov-20,Bill,0,"337,835.57","2,702,684.52"
09-Nov-20,Miscellaneous,0,"386,097.79","2,316,586.73"
09-Nov-20,Transfer,"2,074.02",0,"2,318,660.75"
09-Nov-20,Commission,0,"386,443.46","1,932,217.29"
09-Nov-20,Interest,0,"386,443.46","1,545,773.83"
09-Nov-20,ATM,50,0,"1,545,823.83"
09-Nov-20,Cheque,0,"193,227.98","1,352,595.85"
09-Nov-20,IMPS,0,"338,148.96","1,014,446.89"
09-Nov-20,RTGS,0,"101,444.69","913,002.20"
09-Nov-20,Interest,"28,798.70",0,"941,800.90"
09-Nov-20,ATM,"374,352.75",0,"1,316,153.65"
09-Nov-20,ATM,0,"1,316,153.65",0
09-Nov-20,Cheque,"32,488.00",0,"32,488.00"
09-Nov-20,Cheque,0,"8,122.00","24,366.00"
10-Nov-20,Miscellaneous,0,"2,707.33","21,658.67"
10-Nov-20,ATM,0,"7,219.56","14,439.11"
10-Nov-20,Tax,12.1,0,"14,451.21"
10-Nov-20,Interest,0,"2,408.54","12,042.68"
10-Nov-20,IMPS,0,"1,720.38","10,322.30"
10-Nov-20,Interest,0,"2,064.46","8,257.84"
10-Nov-20,Tax,446.7,0,"8,704.54"
10-Nov-20,NEFT,96,0,"8,800.54"
10-Nov-20,Purchase,"18,393.70",0,"27,194.24"
10-Nov-20,Transfer,943.9,0,"28,138.14"
10-Nov-20,NEFT,"861,327.00",0,"889,465.14"
10-Nov-20,Cheque,478.3,0,"889,943.44"
10-Nov-20,IMPS,0,"127,134.78","762,808.66"
10-Nov-20,Interest,0,"84,756.52","678,052.14"
10-Nov-20,Debit Card,"1,574,226.00",0,"2,252,278.14"
10-Nov-20,Bill,0,"450,455.63","1,801,822.51"
10-Nov-20,RTGS,1.8,0,"1,801,824.31"
10-Nov-20,Tax,0,"257,403.47","1,544,420.84"
10-Nov-20,Bill,0,"154,442.08","1,389,978.76"
10-Nov-20,Debit Card,0,"277,995.75","1,111,983.01"
10-Nov-20,IMPS,"97,668.30",0,"1,209,651.31"
10-Nov-20,Reversal,0,"1,209,651.31",0
10-Nov-20,RTGS,"16,810.88",0,"16,810.88"
10-Nov-20,Transfer,0,"2,401.55","14,409.33"
10-Nov-20,Cash,0,"2,401.56","12,007.78"
10-Nov-20,Purchase,3.22,0,"12,011.00"
10-Nov-20,NEFT,0,"4,003.67","8,007.33"
10-Nov-20,RTGS,0,"1,143.90","6,863.43"
10-Nov-20,Interest,0,"6,863.43",0
10-Nov-20,Cheque,"1,496,822.50",0,"1,496,822.50"
10-Nov-20,Reversal,18.96,0,"1,496,841.46"
10-Nov-20,Interest,0,"299,368.29","1,197,473.17"
10-Nov-20,Cash,0,"199,578.86","997,894.31"
11-Nov-20,Debit Card,0,"249,473.58","748,420.73"
11-Nov-20,Cheque,5.1,0,"748,425.83"
11-Nov-20,Miscellaneous,"1,970,363.00",0,"2,718,788.83"
12-Nov-20,Debit Card,0,"679,697.21","2,039,091.62"
12-Nov-20,Bill,2,0,"2,039,093.62"
12-Nov-20,Commission,0,"407,818.72","1,631,274.90"
12-Nov-20,NEFT,0,"233,039.27","1,398,235.63"
12-Nov-20,Interest,0,"349,558.91","1,048,676.72"
12-Nov-20,IMPS,0,"131,084.59","917,592.13"
12-Nov-20,Transfer,0,"152,932.02","764,660.11"
12-Nov-20,Tax,0,"84,962.23","679,697.88"
12-Nov-20,RTGS,0,0,"679,697.88"
12-Nov-20,Interest,0,"113,282.98","566,414.90"
12-Nov-20,Miscellaneous,"189,245.30",0,"755,660.20"
12-Nov-20,NEFT,"121,496.00",0,"877,156.20"
12-Nov-20,Reversal,"99,009.00",0,"976,165.20"
12-Nov-20,Cheque,124,0,"976,289.20"
12-Nov-20,Purchase,49.4,0,"976,338.60"
12-Nov-20,Transfer,"7,098.61",0,"983,437.21"
12-Nov-20,Reversal,0,"491,718.61","491,718.60"
12-Nov-20,ATM,0,"54,635.40","437,083.20"
12-Nov-20,ATM,0,"48,564.80","388,518.40"
12-Nov-20,Reversal,"736,818.00",0,"1,125,336.40"
12-Nov-20,Bill,0,"225,067.28","900,269.12"
12-Nov-20,Interest,0,"900,269.12",0
12-Nov-20,Debit Card,"789,235.25",0,"789,235.25"
12-Nov-20,Purchase,0,"789,235.25",0
12-Nov-20,Interest,4.77,0,4.77
12-Nov-20,Reversal,155,0,159.77
12-Nov-20,Commission,62.2,0,221.97
12-Nov-20,Debit Card,0,22.2,199.77
12-Nov-20,Miscellaneous,"1,517.30",0,"1,717.07"
12-Nov-20,Commission,"1,330,025.50",0,"1,331,742.57"
12-Nov-20,Bill,0,"1,331,742.57",0
12-Nov-20,Debit Card,338.4,0,338.4
13-Nov-20,Tax,0,84.6,253.8
14-Nov-20,Transfer,0,36.26,217.54
14-Nov-20,NEFT,0,24.17,193.37
14-Nov-20,Bill,"6,674.50",0,"6,867.87"
14-Nov-20,Debit Card,0,"1,373.57","5,494.30"
14-Nov-20,Cheque,"34,896.00",0,"40,390.30"
14-Nov-20,Debit Card,7.3,0,"40,397.60"
14-Nov-20,Miscellaneous,0,"6,732.93","33,664.67"
14-Nov-20,Purchase,0,"3,740.52","29,924.15"
14-Nov-20,Miscellaneous,344,0,"30,268.15"
14-Nov-20,ATM,"1,234,562.20",0,"1,264,830.35"
14-Nov-20,Transfer,0,"421,610.12","843,220.23"
14-Nov-20,Interest,0.8,0,"843,221.03"
14-Nov-20,Bill,0,"84,322.10","758,898.93"
15-Nov-20,Transfer,"3,791.60",0,"762,690.53"
15-Nov-20,NEFT,0,"108,955.79","653,734.74"
15-Nov-20,RTGS,0,"108,955.79","544,778.95"
15-Nov-20,Cash,"17,169.00",0,"561,947.95"
15-Nov-20,Purchase,"724,968.20",0,"1,286,916.15"
15-Nov-20,Cash,34,0,"1,286,950.15"
15-Nov-20,RTGS,0,"1,286,950.15",0
16-Nov-20,Interest,"3,798.08",0,"3,798.08"
16-Nov-20,Interest,107.41,0,"3,905.49"
17-Nov-20,Interest,0,488.19,"3,417.30"
17-Nov-20,Miscellaneous,0,341.73,"3,075.57"
17-Nov-20,NEFT,0,512.6,"2,562.98"
17-Nov-20,Bill,"7,119.20",0,"9,682.18"
17-Nov-20,Reversal,"22,716.00",0,"32,398.18"
17-Nov-20,IMPS,"328,107.80",0,"360,505.98"
17-Nov-20,Miscellaneous,"30,587.00",0,"391,092.98"
17-Nov-20,ATM,0,"39,109.30","351,983.68"
17-Nov-20,ATM,0,"70,396.74","281,586.94"
17-Nov-20,Purchase,0,"56,317.39","225,269.55"
17-Nov-20,Interest,0,"56,317.39","168,952.16"
17-Nov-20,Interest,0,"28,158.69","140,793.47"
17-Nov-20,Cheque,"1,400,694.00",0,"1,541,487.47"
17-Nov-20,Bill,"2,921.00",0,"1,544,408.47"
17-Nov-20,Transfer,"61,946.90",0,"1,606,355.37"
17-Nov-20,RTGS,"11,949.40",0,"1,618,304.77"
17-Nov-20,Interest,0.32,0,"1,618,305.09"
17-Nov-20,Debit Card,0,"179,811.68","1,438,493.41"
17-Nov-20,ATM,0,"179,811.68","1,258,681.73"
17-Nov-20,Tax,6.46,0,"1,258,688.19"
17-Nov-20,Purchase,0,"179,812.60","1,078,875.59"
17-Nov-20,Commission,"4,496.90",0,"1,083,372.49"
17-Nov-20,Transfer,"10,365.70",0,"1,093,738.19"
17-Nov-20,Commission,0,"156,248.31","937,489.88"
17-Nov-20,Interest,0,"187,497.98","749,991.90"
17-Nov-20,Reversal,0,"149,998.38","599,993.52"
17-Nov-20,Cash,"3,836.30",0,"603,829.82"
17-Nov-20,Cash,0,"86,261.40","517,568.42"
17-Nov-20,Cash,7.7,0,"517,576.12"
17-Nov-20,Tax,0,"258,788.06","258,788.06"
17-Nov-20,NEFT,0,"25,878.81","232,909.25"
17-Nov-20,Reversal,30.1,0,"232,939.35"
17-Nov-20,Interest,"2,671.53",0,"235,610.88"
17-Nov-20,Debit Card,0,"58,902.72","176,708.16"
17-Nov-20,Debit Card,1.54,0,"176,709.70"
17-Nov-20,Cheque,0,"44,177.43","132,532.28"
17-Nov-20,Reversal,0,"33,133.07","99,399.21"
17-Nov-20,ATM,"2,600.00",0,"101,999.21"
17-Nov-20,NEFT,62.7,0,"102,061.91"
17-Nov-20,RTGS,0,"20,412.38","81,649.53"
17-Nov-20,Interest,0,"8,164.95","73,484.58"
17-Nov-20,Purchase,2.01,0,"73,486.59"
17-Nov-20,Bill,1.17,0,"73,487.76"
17-Nov-20,Cheque,"151,705.50",0,"225,193.26"
17-Nov-20,Cash,0,"28,149.16","197,044.10"
17-Nov-20,Interest,"1,796,809.75",0,"1,993,853.85"
17-Nov-20,Reversal,"1,623,344.00",0,"3,617,197.85"
17-Nov-20,Tax,0,"516,742.55","3,100,455.30"
17-Nov-20,Tax,0,"310,045.53","2,790,409.77"
17-Nov-20,Cheque,0,"279,040.98","2,511,368.79"
17-Nov-20,NEFT,5.2,0,"2,511,373.99"
17-Nov-20,ATM,36,0,"2,511,409.99"
17-Nov-20,Tax,"652,100.00",0,"3,163,509.99"
17-Nov-20,Interest,0,"1,054,503.33","2,109,006.66"
17-Nov-20,Transfer,49,0,"2,109,055.66"
17-Nov-20,Interest,"569,109.00",0,"2,678,164.66"
17-Nov-20,Cheque,0,"535,632.93","2,142,531.73"
18-Nov-20,Interest,229.8,0,"2,142,761.53"
18-Nov-20,Commission,417.31,0,"2,143,178.84"
18-Nov-20,Cash,0,"357,196.47","1,785,982.37"
18-Nov-20,Interest,27,0,"1,786,009.37"
18-Nov-20,Miscellaneous,"2,019.00",0,"1,788,028.37"
18-Nov-20,Cheque,44,0,"1,788,072.37"
18-Nov-20,IMPS,0,"178,807.24","1,609,265.13"
18-Nov-20,IMPS,0,"402,316.28","1,206,948.85"
18-Nov-20,Transfer,81,0,"1,207,029.85"
18-Nov-20,Cheque,"2,080,854.50",0,"3,287,884.35"
18-Nov-20,Reversal,0,"1,095,961.45","2,191,922.90"
18-Nov-20,Commission,0,"273,990.36","1,917,932.54"
18-Nov-20,Cash,"1,165,275.75",0,"3,083,208.29"
18-Nov-20,Bill,0,"513,868.05","2,569,340.24"
18-Nov-20,ATM,"9,435.50",0,"2,578,775.74"
18-Nov-20,Purchase,"186,395.00",0,"2,765,170.74"
18-Nov-20,RTGS,0,"395,024.39","2,370,146.35"
18-Nov-20,NEFT,403.6,0,"2,370,549.95"
18-Nov-20,Transfer,0,"395,091.66","1,975,458.29"
18-Nov-20,IMPS,"8,500.59",0,"1,983,958.88"
18-Nov-20,Cash,5.04,0,"1,983,963.92"
18-Nov-20,IMPS,0,"396,792.78","1,587,171.14"
18-Nov-20,Purchase,"893,575.25",0,"2,480,746.39"
18-Nov-20,Bill,0,"1,240,373.20","1,240,373.20"
18-Nov-20,Cheque,0,"177,196.17","1,063,177.03"
18-Nov-20,Commission,0,"1,063,177.03",0
18-Nov-20,Purchase,4,0,4
18-Nov-20,Cheque,0,4,0
18-Nov-20,Cash,85.2,0,85.2
18-Nov-20,Cash,5.8,0,91
18-Nov-20,Purchase,298.54,0,389.54
18-Nov-20,Transfer,"689,671.00",0,"690,060.54"
18-Nov-20,Reversal,0,"172,515.14","517,545.40"
18-Nov-20,Cash,"238,379.00",0,"755,924.40"
18-Nov-20,Cash,"2,938.00",0,"758,862.40"
18-Nov-20,Transfer,324.6,0,"759,187.00"
18-Nov-20,Debit Card,0,"84,354.11","674,832.89"
18-Nov-20,Transfer,0,"674,832.89",0
18-Nov-20,Commission,"1,108.70",0,"1,108.70"
19-Nov-20,IMPS,5,0,"1,113.70"
19-Nov-20,IMPS,0,"1,113.70",0
19-Nov-20,Reversal,"1,457,838.00",0,"1,457,838.00"
19-Nov-20,Commission,0,"208,262.57","1,249,575.43"
19-Nov-20,Cash,38.3,0,"1,249,613.73"
19-Nov-20,Tax,0,"178,516.25","1,071,097.48"
19-Nov-20,Tax,"10,275.10",0,"1,081,372.58"
19-Nov-20,ATM,2,0,"1,081,374.58"
19-Nov-20,Cash,"127,422.38",0,"1,208,796.96"
19-Nov-20,Cheque,0,"402,932.32","805,864.64"
19-Nov-20,RTGS,0,"805,864.64",0
19-Nov-20,ATM,1.44,0,1.44
19-Nov-20,Tax,0,0.16,1.28
19-Nov-20,NEFT,0,0.16,1.12
19-Nov-20,NEFT,"40,188.00",0,"40,189.12"
19-Nov-20,Commission,4.28,0,"40,193.40"
19-Nov-20,NEFT,0,"13,397.80","26,795.60"
19-Nov-20,Reversal,0,"2,977.29","23,818.31"
19-Nov-20,Bill,0,"2,977.29","20,841.02"
19-Nov-20,IMPS,44.44,0,"20,885.46"
19-Nov-20,Purchase,0,"2,983.64","17,901.82"
19-Nov-20,RTGS,0,"2,557.40","15,344.42"
19-Nov-20,Reversal,0,"15,344.42",0
19-Nov-20,Reversal,"12,585.08",0,"12,585.08"
19-Nov-20,Cash,"29,631.50",0,"42,216.58"
19-Nov-20,Cheque,488.3,0,"42,704.88"
19-Nov-20,Miscellaneous,"3,970.84",0,"46,675.72"
19-Nov-20,Cheque,"14,920.00",0,"61,595.72"
19-Nov-20,Cheque,0,"15,398.93","46,196.79"
19-Nov-20,Miscellaneous,0,"4,619.68","41,577.11"
19-Nov-20,Tax,0,"5,939.59","35,637.52"
19-Nov-20,Cheque,"1,274.00",0,"36,911.52"
19-Nov-20,IMPS,0,"9,227.88","27,683.64"
19-Nov-20,Reversal,"207,263.00",0,"234,946.64"
19-Nov-20,IMPS,0,"234,946.64",0
19-Nov-20,Bill,19.55,0,19.55
19-Nov-20,Cash,41,0,60.55
19-Nov-20,Interest,46.36,0,106.91
19-Nov-20,NEFT,0,53.46,53.46
19-Nov-20,Debit Card,0,53.46,0
19-Nov-20,Transfer,"243,065.38",0,"243,065.38"
19-Nov-20,Transfer,500.48,0,"243,565.86"
19-Nov-20,Cheque,0,"40,594.31","202,971.55"
19-Nov-20,RTGS,0,"67,657.18","135,314.37"
19-Nov-20,Cheque,0,"27,062.87","108,251.50"
19-Nov-20,Debit Card,"17,602.00",0,"125,853.50"
19-Nov-20,Cash,0,"25,170.70","100,682.80"
19-Nov-20,ATM,0,"14,383.26","86,299.54"
19-Nov-20,Cash,91.7,0,"86,391.24"
19-Nov-20,IMPS,3,0,"86,394.24"
20-Nov-20,Cash,0,"17,278.85","69,115.39"
20-Nov-20,IMPS,0,"9,873.63","59,241.76"
20-Nov-20,Commission,"27,367.00",0,"86,608.76"
20-Nov-20,Tax,"974,999.80",0,"1,061,608.56"
20-Nov-20,ATM,0,"265,402.14","796,206.42"
20-Nov-20,Bill,"1,738.00",0,"797,944.42"
21-Nov-20,Miscellaneous,0,"88,660.49","709,283.93"
21-Nov-20,Transfer,0,"70,928.39","638,355.54"
21-Nov-20,ATM,0,"79,794.44","558,561.10"
21-Nov-20,Debit Card,0,"279,280.55","279,280.55"
21-Nov-20,Bill,2.8,0,"279,283.35"
21-Nov-20,Cheque,0,"39,897.62","239,385.73"
21-Nov-20,Reversal,0,"47,877.15","191,508.58"
21-Nov-20,Reversal,"1,632,387.20",0,"1,823,895.78"
21-Nov-20,NEFT,0,"911,947.89","911,947.89"
21-Nov-20,IMPS,0,"455,973.95","455,973.94"
21-Nov-20,ATM,"1,700,702.50",0,"2,156,676.44"
21-Nov-20,Cheque,0,0,"2,156,676.44"
21-Nov-20,Bill,0,"308,096.63","1,848,579.81"
21-Nov-20,IMPS,"15,477.00",0,"1,864,056.81"
21-Nov-20,Transfer,0,"266,293.83","1,597,762.98"
21-Nov-20,Reversal,0,"266,293.83","1,331,469.15"
21-Nov-20,Debit Card,0,"665,734.58","665,734.57"
21-Nov-20,Debit Card,0,"133,146.91","532,587.66"
21-Nov-20,Tax,133.7,0,"532,721.36"
21-Nov-20,Bill,0,"76,103.05","456,618.31"
21-Nov-20,Cash,0,"76,103.05","380,515.26"
21-Nov-20,Commission,0,"126,838.42","253,676.84"
21-Nov-20,Cash,138.7,0,"253,815.54"
21-Nov-20,Bill,0,"36,259.36","217,556.18"
21-Nov-20,Interest,"142,187.10",0,"359,743.28"
21-Nov-20,Cheque,0,"44,967.91","314,775.37"
21-Nov-20,Transfer,"3,897.00",0,"318,672.37"
21-Nov-20,Cash,"1,247,762.25",0,"1,566,434.62"
21-Nov-20,Tax,0,"391,608.66","1,174,825.97"
21-Nov-20,Reversal,"89,205.97",0,"1,264,031.94"
21-Nov-20,Debit Card,0,"158,003.99","1,106,027.95"
21-Nov-20,Cash,0,"221,205.59","884,822.36"
21-Nov-20,Cash,0,"884,822.36",0
21-Nov-20,RTGS,0.83,0,0.83
21-Nov-20,Reversal,7.9,0,8.73
21-Nov-20,RTGS,0,0.97,7.76
21-Nov-20,Cash,0,1.94,5.82
21-Nov-20,IMPS,0,0.97,4.85
22-Nov-20,Cash,476.76,0,481.61
22-Nov-20,Miscellaneous,"13,840.43",0,"14,322.04"
22-Nov-20,Interest,0,"1,790.26","12,531.78"
22-Nov-20,Bill,0,"1,392.42","11,139.36"
22-Nov-20,ATM,"2,964.86",0,"14,104.22"
22-Nov-20,Miscellaneous,0,"2,820.84","11,283.38"
22-Nov-20,Commission,2,0,"11,285.38"
23-Nov-20,NEFT,"1,389,628.00",0,"1,400,913.38"
23-Nov-20,Commission,0,"200,130.48","1,200,782.90"
23-Nov-20,Transfer,0,"300,195.73","900,587.18"
23-Nov-20,Bill,"30,845.90",0,"931,433.08"
23-Nov-20,Debit Card,3.8,0,"931,436.88"
23-Nov-20,Debit Card,0,"116,429.61","815,007.27"
23-Nov-20,NEFT,"233,784.50",0,"1,048,791.77"
23-Nov-20,IMPS,0,"1,048,791.77",0
23-Nov-20,Reversal,769,0,769
23-Nov-20,Debit Card,0,256.33,512.67
23-Nov-20,Bill,0,256.34,256.33
23-Nov-20,Cheque,1,0,257.33
23-Nov-20,Miscellaneous,0,25.73,231.6
23-Nov-20,Debit Card,"254,844.00",0,"255,075.60"
23-Nov-20,ATM,"191,445.28",0,"446,520.88"
23-Nov-20,Commission,0,"49,613.43","396,907.45"
23-Nov-20,Tax,16.92,0,"396,924.37"
23-Nov-20,Cash,0,"198,462.19","198,462.18"
23-Nov-20,Debit Card,"466,701.00",0,"665,163.18"
23-Nov-20,RTGS,0,"332,581.59","332,581.59"
23-Nov-20,ATM,0,"166,290.80","166,290.80"
23-Nov-20,Commission,227.67,0,"166,518.47"
23-Nov-20,Tax,0,"18,502.05","148,016.42"
23-Nov-20,Debit Card,1,0,"148,017.42"
23-Nov-20,RTGS,"12,799.21",0,"160,816.63"
23-Nov-20,Miscellaneous,0,"160,816.63",0
23-Nov-20,Cheque,508,0,508
23-Nov-20,Purchase,0,508,0
23-Nov-20,NEFT,"158,312.09",0,"158,312.09"
23-Nov-20,Cheque,4.32,0,"158,316.41"
23-Nov-20,Reversal,0,"31,663.28","126,653.13"
23-Nov-20,Bill,"1,802.45",0,"128,455.58"
23-Nov-20,ATM,"11,882.50",0,"140,338.08"
23-Nov-20,NEFT,0,"14,033.81","126,304.27"
23-Nov-20,IMPS,15.58,0,"126,319.85"
23-Nov-20,Transfer,0,0,"126,319.85"
23-Nov-20,Interest,0,"15,789.98","110,529.87"
23-Nov-20,ATM,0,"12,281.10","98,248.77"
23-Nov-20,NEFT,"230,283.50",0,"328,532.27"
23-Nov-20,Tax,0,"41,066.53","287,465.74"
23-Nov-20,ATM,2,0,"287,467.74"
23-Nov-20,ATM,"4,149.00",0,"291,616.74"
23-Nov-20,Transfer,504.53,0,"292,121.27"
23-Nov-20,Cheque,5.7,0,"292,126.97"
23-Nov-20,Bill,0,"48,687.83","243,439.14"
23-Nov-20,RTGS,2.17,0,"243,441.31"
23-Nov-20,Purchase,0,"30,430.16","213,011.15"
23-Nov-20,Transfer,0,"71,003.72","142,007.43"
23-Nov-20,Miscellaneous,0,"47,335.81","94,671.62"
23-Nov-20,Commission,"78,550.00",0,"173,221.62"
23-Nov-20,Cash,0,"34,644.32","138,577.30"
23-Nov-20,Transfer,"234,727.90",0,"373,305.20"
23-Nov-20,Miscellaneous,0,"41,478.36","331,826.84"
23-Nov-20,Tax,7,0,"331,833.84"
23-Nov-20,Bill,0,"33,183.38","298,650.46"
23-Nov-20,Tax,"834,506.00",0,"1,133,156.46"
23-Nov-20,ATM,"1,139.60",0,"1,134,296.06"
23-Nov-20,IMPS,0,"226,859.21","907,436.85"
23-Nov-20,Transfer,"504,651.20",0,"1,412,088.05"
24-Nov-20,RTGS,"2,472.98",0,"1,414,561.03"
24-Nov-20,Debit Card,15,0,"1,414,576.03"
24-Nov-20,Bill,39.2,0,"1,414,615.23"
24-Nov-20,Interest,"189,201.78",0,"1,603,817.01"
24-Nov-20,Reversal,6.21,0,"1,603,823.22"
24-Nov-20,Transfer,2.96,0,"1,603,826.18"
24-Nov-20,NEFT,1.8,0,"1,603,827.98"
24-Nov-20,Interest,0,"1,603,827.98",0
24-Nov-20,NEFT,67.2,0,67.2
24-Nov-20,Commission,0,33.6,33.6
24-Nov-20,Purchase,0,8.4,25.2
24-Nov-20,IMPS,0,6.3,18.9
24-Nov-20,Cheque,0,4.73,14.18
24-Nov-20,Purchase,0,2.84,11.34
24-Nov-20,Purchase,45,0,56.34
24-Nov-20,Bill,0,6.26,50.08
24-Nov-20,Purchase,0,50.08,0
24-Nov-20,Reversal,"11,765.57",0,"11,765.57"
24-Nov-20,Reversal,5,0,"11,770.57"
24-Nov-20,Cheque,0,"2,354.11","9,416.46"
24-Nov-20,Transfer,129.8,0,"9,546.26"
24-Nov-20,Cash,0,"1,060.70","8,485.56"
24-Nov-20,Cheque,0,"2,121.39","6,364.17"
24-Nov-20,Transfer,0,636.42,"5,727.75"
24-Nov-20,Tax,0,"5,727.75",0
24-Nov-20,RTGS,"9,381.34",0,"9,381.34"
24-Nov-20,ATM,"1,901.06",0,"11,282.40"
24-Nov-20,Miscellaneous,0,"1,128.24","10,154.16"
24-Nov-20,Interest,"3,845.32",0,"13,999.48"
24-Nov-20,IMPS,0,"6,999.74","6,999.74"
24-Nov-20,ATM,55,0,"7,054.74"
24-Nov-20,RTGS,7.32,0,"7,062.06"
24-Nov-20,ATM,0,"1,765.52","5,296.54"
24-Nov-20,Miscellaneous,"123,886.00",0,"129,182.54"
24-Nov-20,Purchase,452,0,"129,634.54"
24-Nov-20,ATM,0.02,0,"129,634.56"
24-Nov-20,IMPS,"2,042.00",0,"131,676.56"
24-Nov-20,IMPS,0,"32,919.14","98,757.42"
24-Nov-20,RTGS,"8,019.40",0,"106,776.82"
24-Nov-20,Commission,"1,743.00",0,"108,519.82"
24-Nov-20,Transfer,0,"108,519.82",0
24-Nov-20,Transfer,"7,985.00",0,"7,985.00"
24-Nov-20,Miscellaneous,424.79,0,"8,409.79"
24-Nov-20,ATM,499.6,0,"8,909.39"
25-Nov-20,Cash,35,0,"8,944.39"
25-Nov-20,Bill,0,"1,277.77","7,666.62"
25-Nov-20,Interest,"188,925.94",0,"196,592.56"
25-Nov-20,Debit Card,0,"32,765.43","163,827.13"
25-Nov-20,NEFT,0,"18,203.01","145,624.12"
25-Nov-20,RTGS,0,"72,812.06","72,812.06"
25-Nov-20,Transfer,360.68,0,"73,172.74"
25-Nov-20,Tax,0,"12,195.46","60,977.28"
26-Nov-20,Bill,35,0,"61,012.28"
26-Nov-20,Commission,0,"10,168.71","50,843.57"
26-Nov-20,Miscellaneous,0,"6,355.45","44,488.12"
26-Nov-20,Interest,0,"8,897.62","35,590.50"
26-Nov-20,ATM,207.2,0,"35,797.70"
26-Nov-20,Purchase,"703,811.00",0,"739,608.70"
26-Nov-20,ATM,0,"105,658.39","633,950.31"
26-Nov-20,Purchase,0,"126,790.06","507,160.25"
26-Nov-20,Transfer,32,0,"507,192.25"
27-Nov-20,Purchase,0,"84,532.04","422,660.21"
27-Nov-20,Cash,0,"211,330.11","211,330.10"
27-Nov-20,ATM,0,"26,416.26","184,913.84"
27-Nov-20,Purchase,6.95,0,"184,920.79"
27-Nov-20,RTGS,0,"184,920.79",0
27-Nov-20,Purchase,"29,772.35",0,"29,772.35"
27-Nov-20,Cheque,0,"29,772.35",0
27-Nov-20,Interest,0.39,0,0.39
27-Nov-20,Miscellaneous,"27,778.43",0,"27,778.82"
27-Nov-20,Tax,"200,454.19",0,"228,233.01"
27-Nov-20,IMPS,0,"114,116.51","114,116.50"
27-Nov-20,Cheque,0,"22,823.30","91,293.20"
27-Nov-20,Cheque,7,0,"91,300.20"
27-Nov-20,ATM,0,"45,650.10","45,650.10"
27-Nov-20,Bill,37.53,0,"45,687.63"
27-Nov-20,IMPS,"34,940.80",0,"80,628.43"
27-Nov-20,ATM,0,"16,125.69","64,502.74"
27-Nov-20,Bill,470.83,0,"64,973.57"
27-Nov-20,NEFT,"194,537.00",0,"259,510.57"
27-Nov-20,Miscellaneous,0,"28,834.51","230,676.06"
27-Nov-20,Debit Card,"2,913.00",0,"233,589.06"
27-Nov-20,Bill,0,"58,397.27","175,191.80"
27-Nov-20,Miscellaneous,5.81,0,"175,197.61"
27-Nov-20,RTGS,"29,947.40",0,"205,145.01"
28-Nov-20,Reversal,63,0,"205,208.01"
28-Nov-20,Debit Card,36.1,0,"205,244.11"
28-Nov-20,NEFT,6,0,"205,250.11"
29-Nov-20,Cash,0,"29,321.44","175,928.67"
29-Nov-20,Commission,"143,275.34",0,"319,204.01"
30-Nov-20,Cash,"1,774.00",0,"320,978.01"
30-Nov-20,Cheque,"755,824.20",0,"1,076,802.21"
30-Nov-20,NEFT,6.5,0,"1,076,808.71"
30-Nov-20,Tax,"261,253.72",0,"1,338,062.43"
30-Nov-20,Bill,"248,414.44",0,"1,586,476.87"
30-Nov-20,Miscellaneous,0,"264,412.81","1,322,064.06"
30-Nov-20,ATM,0,"1,322,064.06",0
30-Nov-20,RTGS,376.73,0,376.73
30-Nov-20,RTGS,"219,693.80",0,"220,070.53"
30-Nov-20,Transfer,0,"31,438.65","188,631.88"
30-Nov-20,Commission,0,"37,726.38","150,905.50"
30-Nov-20,Bill,0,"30,181.10","120,724.40"
30-Nov-20,Bill,0,"20,120.73","100,603.67"
30-Nov-20,Debit Card,0,"100,603.67",0
30-Nov-20,Debit Card,"515,251.00",0,"515,251.00"
30-Nov-20,Commission,54.6,0,"515,305.60"
30-Nov-20,Cheque,1,0,"515,306.60"
30-Nov-20,Cash,"3,707.37",0,"519,013.97"
30-Nov-20,Bill,441,0,"519,454.97"
30-Nov-20,Transfer,0,"74,207.85","445,247.12"
30-Nov-20,Reversal,"1,738.00",0,"446,985.12"
30-Nov-20,Commission,0,"148,995.04","297,990.08"
30-Nov-20,NEFT,0,"33,110.01","264,880.07"
30-Nov-20,Tax,0,"33,110.01","231,770.06"
30-Nov-20,Purchase,16,0,"231,786.06"
30-Nov-20,Commission,53.73,0,"231,839.79"
30-Nov-20,RTGS,0,"115,919.90","115,919.90"
30-Nov-20,IMPS,249,0,"116,168.90"
30-Nov-20,RTGS,"4,064.10",0,"120,233.00"
30-Nov-20,RTGS,"849,669.00",0,"969,902.00"
01-Dec-20,Cheque,"2,415.00",0,"972,317.00"
01-Dec-20,Debit Card,3.35,0,"972,320.35"
01-Dec-20,Purchase,0,"324,106.78","648,213.57"
01-Dec-20,ATM,"659,208.00",0,"1,307,421.57"
02-Dec-20,NEFT,"167,141.20",0,"1,474,562.77"
02-Dec-20,IMPS,0,"737,281.39","737,281.38"
02-Dec-20,Tax,"2,609.00",0,"739,890.38"
02-Dec-20,RTGS,0,"73,989.04","665,901.34"
02-Dec-20,Transfer,0,"110,983.56","554,917.78"
02-Dec-20,Tax,0,"184,972.59","369,945.19"
02-Dec-20,Cheque,"110,328.81",0,"480,274.00"
02-Dec-20,Reversal,29.8,0,"480,303.80"
02-Dec-20,NEFT,7.82,0,"480,311.62"
02-Dec-20,Cheque,387.4,0,"480,699.02"
02-Dec-20,Transfer,0,"160,233.01","320,466.01"
02-Dec-20,Reversal,"3,299.00",0,"323,765.01"
02-Dec-20,Transfer,"10,065.38",0,"333,830.39"
02-Dec-20,Miscellaneous,0,"37,092.27","296,738.12"
02-Dec-20,ATM,0,"59,347.62","237,390.50"
02-Dec-20,ATM,"1,429,844.00",0,"1,667,234.50"
02-Dec-20,Transfer,0,"333,446.90","1,333,787.60"
02-Dec-20,Commission,5,0,"1,333,792.60"
02-Dec-20,IMPS,446,0,"1,334,238.60"
02-Dec-20,Purchase,7,0,"1,334,245.60"
02-Dec-20,Debit Card,0,"222,374.27","1,111,871.33"
02-Dec-20,Interest,490.4,0,"1,112,361.73"
02-Dec-20,RTGS,0,"556,180.87","556,180.86"
02-Dec-20,Reversal,0,"92,696.81","463,484.05"
02-Dec-20,ATM,448,0,"463,932.05"
02-Dec-20,Transfer,"1,452.70",0,"465,384.75"
02-Dec-20,Bill,0,"155,128.25","310,256.50"
02-Dec-20,Miscellaneous,0,"77,564.13","232,692.38"
02-Dec-20,Commission,0,"23,269.24","209,423.14"
02-Dec-20,NEFT,0,"26,177.89","183,245.25"
02-Dec-20,Cash,0,"22,905.66","160,339.59"
03-Dec-20,Reversal,"26,548.00",0,"186,887.59"
03-Dec-20,Commission,6,0,"186,893.59"
03-Dec-20,Cash,424,0,"187,317.59"
03-Dec-20,ATM,0,"62,439.20","124,878.39"
03-Dec-20,Bill,0,"13,875.38","111,003.01"
03-Dec-20,Bill,97.82,0,"111,100.83"
04-Dec-20,Reversal,0,"27,775.21","83,325.62"
04-Dec-20,Transfer,208.38,0,"83,534.00"
04-Dec-20,Cash,0,"20,883.50","62,650.50"
04-Dec-20,Transfer,0,"7,831.31","54,819.19"
04-Dec-20,Debit Card,"100,028.00",0,"154,847.19"
04-Dec-20,Tax,"3,305.00",0,"158,152.19"
04-Dec-20,IMPS,0,"79,076.10","79,076.10"
04-Dec-20,IMPS,0,"11,296.59","67,779.51"
04-Dec-20,ATM,4.86,0,"67,784.37"
04-Dec-20,RTGS,"223,167.00",0,"290,951.37"
04-Dec-20,Reversal,0,"41,564.48","249,386.89"
04-Dec-20,IMPS,375,0,"249,761.89"
04-Dec-20,IMPS,"6,944.00",0,"256,705.89"
04-Dec-20,Tax,0,"128,352.95","128,352.94"
04-Dec-20,ATM,109.9,0,"128,462.84"
04-Dec-20,ATM,0,"16,057.86","112,404.98"
04-Dec-20,Debit Card,0,"56,202.49","56,202.49"
04-Dec-20,Debit Card,"238,729.00",0,"294,931.49"
04-Dec-20,Miscellaneous,0,"36,866.44","258,065.05"
04-Dec-20,Purchase,0,"25,806.51","232,258.54"
04-Dec-20,Purchase,49.2,0,"232,307.74"
04-Dec-20,Cash,5.6,0,"232,313.34"
04-Dec-20,Purchase,155,0,"232,468.34"
04-Dec-20,RTGS,3.6,0,"232,471.94"
04-Dec-20,Reversal,0,"116,235.97","116,235.97"
04-Dec-20,Interest,6,0,"116,241.97"
04-Dec-20,Interest,0,"23,248.39","92,993.58"
04-Dec-20,Purchase,0,"10,332.62","82,660.96"
04-Dec-20,Bill,"24,654.00",0,"107,314.96"
04-Dec-20,Cheque,"571,132.00",0,"678,446.96"
04-Dec-20,Transfer,"3,840.00",0,"682,286.96"
04-Dec-20,Commission,"1,421,573.00",0,"2,103,859.96"
04-Dec-20,Interest,"1,825,257.00",0,"3,929,116.96"
04-Dec-20,Debit Card,0,"654,852.83","3,274,264.13"
04-Dec-20,NEFT,492,0,"3,274,756.13"
04-Dec-20,Bill,0,"327,475.61","2,947,280.52"
04-Dec-20,Cash,"232,699.75",0,"3,179,980.27"
04-Dec-20,NEFT,0,"353,331.14","2,826,649.13"
04-Dec-20,NEFT,0,"314,072.13","2,512,577.00"
04-Dec-20,Transfer,0,"314,072.13","2,198,504.88"
04-Dec-20,Cash,467.5,0,"2,198,972.38"
04-Dec-20,Purchase,0,"2,198,972.38",0
04-Dec-20,Cheque,"2,495.26",0,"2,495.26"
04-Dec-20,NEFT,0,623.82,"1,871.45"
04-Dec-20,IMPS,"11,552.20",0,"13,423.65"
04-Dec-20,Interest,36,0,"13,459.65"
04-Dec-20,RTGS,0,"6,729.83","6,729.82"
04-Dec-20,ATM,0,"2,243.27","4,486.55"
04-Dec-20,Tax,0,"4,486.55",0
04-Dec-20,IMPS,81,0,81
04-Dec-20,Commission,0,81,0
04-Dec-20,Debit Card,"35,911.50",0,"35,911.50"
04-Dec-20,Commission,0,"35,911.50",0
04-Dec-20,Purchase,8,0,8
04-Dec-20,Transfer,0,0.8,7.2
04-Dec-20,Commission,"3,622.08",0,"3,629.28"
04-Dec-20,Commission,"1,052,091.00",0,"1,055,720.28"
04-Dec-20,ATM,56,0,"1,055,776.28"
04-Dec-20,RTGS,"365,264.20",0,"1,421,040.48"
04-Dec-20,NEFT,0,"177,630.06","1,243,410.42"
04-Dec-20,Tax,0,"177,630.06","1,065,780.36"
04-Dec-20,Transfer,0,"118,420.04","947,360.32"
04-Dec-20,Cash,"3,778.00",0,"951,138.32"
04-Dec-20,IMPS,49.35,0,"951,187.67"
04-Dec-20,Cheque,3.57,0,"951,191.24"
04-Dec-20,Cheque,4.71,0,"951,195.95"
04-Dec-20,NEFT,58.8,0,"951,254.75"
04-Dec-20,Miscellaneous,0,"118,906.84","832,347.91"
04-Dec-20,Commission,0,"832,347.91",0
04-Dec-20,Bill,"147,689.50",0,"147,689.50"
04-Dec-20,Cash,0,"18,461.19","129,228.31"
04-Dec-20,Tax,"5,904.00",0,"135,132.31"
04-Dec-20,ATM,32.3,0,"135,164.61"
04-Dec-20,Debit Card,464,0,"135,628.61"
04-Dec-20,Bill,2.08,0,"135,630.69"
04-Dec-20,Purchase,1.24,0,"135,631.93"
05-Dec-20,Bill,"1,049.00",0,"136,680.93"
05-Dec-20,ATM,0,"13,668.09","123,012.84"
05-Dec-20,ATM,24,0,"123,036.84"
05-Dec-20,Transfer,41.89,0,"123,078.73"
05-Dec-20,Transfer,0,"20,513.12","102,565.61"
05-Dec-20,Commission,0,"14,652.23","87,913.38"
05-Dec-20,Debit Card,126,0,"88,039.38"
05-Dec-20,Commission,"4,284.00",0,"92,323.38"
05-Dec-20,Purchase,"3,277.30",0,"95,600.68"
06-Dec-20,Commission,0,"9,560.07","86,040.61"
06-Dec-20,Cheque,10,0,"86,050.61"
06-Dec-20,Purchase,8,0,"86,058.61"
06-Dec-20,Tax,0,"14,343.10","71,715.51"
06-Dec-20,Tax,100.9,0,"71,816.41"
07-Dec-20,Miscellaneous,0,"7,181.64","64,634.77"
07-Dec-20,Commission,0,"64,634.77",0
08-Dec-20,NEFT,2.91,0,2.91
08-Dec-20,Interest,0,0.36,2.55
08-Dec-20,Bill,37.4,0,39.95
08-Dec-20,Transfer,0,13.32,26.63
08-Dec-20,Bill,"3,563.05",0,"3,589.68"
08-Dec-20,Interest,"9,348.60",0,"12,938.28"
08-Dec-20,Debit Card,0,"2,156.38","10,781.90"
08-Dec-20,Tax,0,"1,540.27","9,241.63"
08-Dec-20,Transfer,"29,388.70",0,"38,630.33"
08-Dec-20,RTGS,"10,577.02",0,"49,207.35"
08-Dec-20,Purchase,"107,942.16",0,"157,149.51"
08-Dec-20,Debit Card,0,"22,449.93","134,699.58"
08-Dec-20,Cash,68.6,0,"134,768.18"
08-Dec-20,Debit Card,291.5,0,"135,059.68"
08-Dec-20,ATM,0,"33,764.92","101,294.76"
08-Dec-20,Miscellaneous,"26,932.00",0,"128,226.76"
08-Dec-20,Reversal,0,"21,371.13","106,855.63"
08-Dec-20,Reversal,"32,405.00",0,"139,260.63"
08-Dec-20,Cheque,0,"19,894.38","119,366.25"
08-Dec-20,ATM,0,"13,262.92","106,103.33"
08-Dec-20,Miscellaneous,0,"53,051.67","53,051.66"
09-Dec-20,NEFT,0,"17,683.89","35,367.77"
09-Dec-20,Interest,"2,834.00",0,"38,201.77"
09-Dec-20,IMPS,"22,927.69",0,"61,129.46"
09-Dec-20,Cash,0,"6,112.95","55,016.51"
09-Dec-20,Miscellaneous,1.5,0,"55,018.01"
09-Dec-20,RTGS,0,"9,169.67","45,848.34"
09-Dec-20,Cash,"2,083.92",0,"47,932.26"
09-Dec-20,Cash,484.4,0,"48,416.66"
09-Dec-20,Commission,7.1,0,"48,423.76"
09-Dec-20,Reversal,0,"8,070.63","40,353.13"
09-Dec-20,Commission,0,"5,044.14","35,308.99"
09-Dec-20,IMPS,0,"5,884.83","29,424.16"
09-Dec-20,Miscellaneous,40.52,0,"29,464.68"
09-Dec-20,IMPS,"2,754.00",0,"32,218.68"
09-Dec-20,RTGS,0,"4,027.34","28,191.34"
09-Dec-20,Debit Card,0,"3,132.37","25,058.97"
09-Dec-20,Interest,"100,848.00",0,"125,906.97"
09-Dec-20,Tax,"32,216.00",0,"158,122.97"
09-Dec-20,Bill,35.8,0,"158,158.77"
09-Dec-20,Interest,0,"31,631.75","126,527.02"
09-Dec-20,Purchase,20.62,0,"126,547.64"
09-Dec-20,Cash,"2,965.40",0,"129,513.04"
09-Dec-20,Debit Card,"1,910,723.00",0,"2,040,236.04"
09-Dec-20,Interest,0,"340,039.34","1,700,196.70"
09-Dec-20,Debit Card,"85,482.60",0,"1,785,679.30"
09-Dec-20,Bill,0,"255,097.04","1,530,582.26"
09-Dec-20,ATM,0,"765,291.13","765,291.13"
09-Dec-20,Commission,"3,358.10",0,"768,649.23"
09-Dec-20,Cash,"125,781.94",0,"894,431.17"
09-Dec-20,Reversal,"24,113.74",0,"918,544.91"
09-Dec-20,Bill,"952,697.00",0,"1,871,241.91"
09-Dec-20,ATM,0,"233,905.24","1,637,336.67"
09-Dec-20,RTGS,"18,678.70",0,"1,656,015.37"
09-Dec-20,Cash,0,"414,003.84","1,242,011.53"
09-Dec-20,IMPS,0,"207,001.92","1,035,009.61"
09-Dec-20,Debit Card,0,"517,504.81","517,504.80"
09-Dec-20,Bill,"153,736.70",0,"671,241.50"
09-Dec-20,Transfer,0,"67,124.15","604,117.35"
09-Dec-20,ATM,0,"302,058.68","302,058.68"
09-Dec-20,Bill,0,"50,343.11","251,715.57"
09-Dec-20,Cash,113.7,0,"251,829.27"
09-Dec-20,Miscellaneous,"1,638,040.00",0,"1,889,869.27"
09-Dec-20,Cheque,0,"472,467.32","1,417,401.95"
09-Dec-20,RTGS,8,0,"1,417,409.95"
09-Dec-20,RTGS,0,"354,352.49","1,063,057.46"
09-Dec-20,IMPS,0,"106,305.75","956,751.71"
09-Dec-20,Purchase,97.02,0,"956,848.73"
09-Dec-20,IMPS,"8,649.00",0,"965,497.73"
09-Dec-20,Reversal,0,"137,928.25","827,569.48"
09-Dec-20,Purchase,0,"413,784.74","413,784.74"
09-Dec-20,RTGS,0,"206,892.37","206,892.37"
10-Dec-20,Interest,0,"41,378.47","165,513.90"
10-Dec-20,Purchase,0,"18,390.43","147,123.47"
10-Dec-20,Interest,0,"29,424.69","117,698.78"
10-Dec-20,Cash,"2,938.80",0,"120,637.58"
11-Dec-20,Transfer,0,"24,127.52","96,510.06"
11-Dec-20,Transfer,0,"19,302.01","77,208.05"
11-Dec-20,Purchase,"251,676.53",0,"328,884.58"
11-Dec-20,Debit Card,"1,718,950.00",0,"2,047,834.58"
11-Dec-20,IMPS,0,"292,547.80","1,755,286.78"
11-Dec-20,Bill,"325,639.50",0,"2,080,926.28"
11-Dec-20,IMPS,0,"520,231.57","1,560,694.71"
11-Dec-20,Transfer,"85,546.10",0,"1,646,240.81"
12-Dec-20,Purchase,4,0,"1,646,244.81"
12-Dec-20,ATM,221,0,"1,646,465.81"
12-Dec-20,Interest,360,0,"1,646,825.81"
13-Dec-20,Interest,4.5,0,"1,646,830.31"
13-Dec-20,Bill,0,"823,415.16","823,415.16"
13-Dec-20,Tax,0,"91,490.57","731,924.59"
13-Dec-20,IMPS,0,"365,962.30","365,962.30"
13-Dec-20,Tax,0,"40,662.48","325,299.82"
13-Dec-20,Cheque,17.9,0,"325,317.72"
13-Dec-20,ATM,393.9,0,"325,711.62"
13-Dec-20,Transfer,0,"81,427.91","244,283.72"
13-Dec-20,NEFT,"208,610.25",0,"452,893.97"
13-Dec-20,RTGS,0,"90,578.79","362,315.18"
13-Dec-20,Cheque,"176,054.44",0,"538,369.62"
13-Dec-20,Cash,0,"269,184.81","269,184.81"
13-Dec-20,Miscellaneous,106.8,0,"269,291.61"
13-Dec-20,Transfer,0,"33,661.45","235,630.16"
13-Dec-20,Miscellaneous,"208,006.00",0,"443,636.16"
13-Dec-20,Purchase,0,"44,363.62","399,272.54"
13-Dec-20,Transfer,"48,609.00",0,"447,881.54"
13-Dec-20,Reversal,"2,636.00",0,"450,517.54"
13-Dec-20,IMPS,0,"75,086.26","375,431.28"
13-Dec-20,IMPS,0,"187,715.64","187,715.64"
13-Dec-20,Interest,52.3,0,"187,767.94"
13-Dec-20,Reversal,376.82,0,"188,144.76"
13-Dec-20,RTGS,0.87,0,"188,145.63"
13-Dec-20,Reversal,0,"18,814.56","169,331.07"
13-Dec-20,Cash,0,"24,190.15","145,140.92"
13-Dec-20,Transfer,0,"14,514.09","130,626.83"
13-Dec-20,NEFT,"25,077.49",0,"155,704.32"
13-Dec-20,ATM,"80,500.00",0,"236,204.32"
13-Dec-20,Debit Card,0,"118,102.16","118,102.16"
13-Dec-20,Interest,0,"13,122.46","104,979.70"
13-Dec-20,NEFT,4.6,0,"104,984.30"
13-Dec-20,Bill,"4,017.20",0,"109,001.50"
13-Dec-20,Debit Card,0,"27,250.38","81,751.12"
13-Dec-20,Purchase,0,"11,678.73","70,072.39"
13-Dec-20,Reversal,"199,518.70",0,"269,591.09"
13-Dec-20,NEFT,"193,656.70",0,"463,247.79"
13-Dec-20,RTGS,0,"463,247.79",0
13-Dec-20,Bill,13,0,13
13-Dec-20,Transfer,0,4.33,8.67
13-Dec-20,Interest,478,0,486.67
13-Dec-20,NEFT,0,60.83,425.84
13-Dec-20,Cheque,0,60.83,365.01
13-Dec-20,RTGS,2,0,367.01
13-Dec-20,NEFT,0,36.7,330.31
13-Dec-20,Cash,"1,224,725.00",0,"1,225,055.31"
13-Dec-20,Reversal,26.9,0,"1,225,082.21"
13-Dec-20,Bill,0,"175,011.74","1,050,070.47"
13-Dec-20,RTGS,"30,783.00",0,"1,080,853.47"
13-Dec-20,Transfer,3,0,"1,080,856.47"
13-Dec-20,Interest,"3,183.77",0,"1,084,040.24"
13-Dec-20,Bill,"635,298.00",0,"1,719,338.24"
13-Dec-20,Reversal,0,"191,037.58","1,528,300.66"
13-Dec-20,Commission,0,"152,830.07","1,375,470.59"
13-Dec-20,ATM,0,"1,375,470.59",0
13-Dec-20,ATM,"4,449.00",0,"4,449.00"
13-Dec-20,ATM,0,"1,112.25","3,336.75"
13-Dec-20,Commission,2.9,0,"3,339.65"
13-Dec-20,Interest,0,"1,113.22","2,226.43"
13-Dec-20,Cheque,"125,623.50",0,"127,849.93"
13-Dec-20,ATM,"619,319.20",0,"747,169.13"
13-Dec-20,Tax,391.56,0,"747,560.69"
13-Dec-20,RTGS,56.9,0,"747,617.59"
13-Dec-20,NEFT,0,"93,452.20","654,165.39"
13-Dec-20,Interest,0,"65,416.54","588,748.85"
13-Dec-20,Cash,47,0,"588,795.85"
14-Dec-20,Bill,0,"98,132.64","490,663.21"
14-Dec-20,Reversal,"8,266.00",0,"498,929.21"
14-Dec-20,Bill,4.86,0,"498,934.07"
14-Dec-20,RTGS,0,"62,366.76","436,567.31"
14-Dec-20,Reversal,49.2,0,"436,616.51"
14-Dec-20,RTGS,0,"72,769.42","363,847.09"
14-Dec-20,Miscellaneous,0,"90,961.77","272,885.32"
14-Dec-20,Interest,7.36,0,"272,892.68"
14-Dec-20,Cheque,180.9,0,"273,073.58"
14-Dec-20,Cash,0,"27,307.36","245,766.22"
14-Dec-20,Bill,"76,864.00",0,"322,630.22"
14-Dec-20,Interest,0,"322,630.22",0
14-Dec-20,Tax,7.76,0,7.76
14-Dec-20,Tax,0,0.86,6.9
14-Dec-20,Transfer,0,0.69,6.21
14-Dec-20,Debit Card,0,0.89,5.32
14-Dec-20,ATM,"2,471.30",0,"2,476.62"
14-Dec-20,Cheque,6.33,0,"2,482.95"
14-Dec-20,Debit Card,0,"1,241.48","1,241.47"
14-Dec-20,Cash,0,124.15,"1,117.32"
14-Dec-20,Bill,35,0,"1,152.32"
14-Dec-20,Cheque,0,384.11,768.21
14-Dec-20,Cash,0,768.21,0
14-Dec-20,Cheque,370.7,0,370.7
14-Dec-20,ATM,0,61.78,308.92
14-Dec-20,Commission,0,38.62,270.3
14-Dec-20,Debit Card,44,0,314.3
14-Dec-20,RTGS,0,34.92,279.38
14-Dec-20,Purchase,0,31.04,248.34
14-Dec-20,Cheque,0,35.48,212.86
14-Dec-20,Reversal,0,70.95,141.91
15-Dec-20,ATM,0,28.38,113.53
15-Dec-20,Bill,4,0,117.53
15-Dec-20,Purchase,217.1,0,334.63
15-Dec-20,Transfer,"15,227.80",0,"15,562.43"
15-Dec-20,Cash,"170,785.90",0,"186,348.33"
15-Dec-20,Bill,0,"31,058.06","155,290.28"
15-Dec-20,IMPS,0,"51,763.43","103,526.85"
15-Dec-20,NEFT,"878,840.00",0,"982,366.85"
15-Dec-20,RTGS,0,"491,183.43","491,183.42"
15-Dec-20,Debit Card,0,"122,795.86","368,387.56"
15-Dec-20,Bill,218.1,0,"368,605.66"
15-Dec-20,NEFT,0,"46,075.71","322,529.95"
15-Dec-20,Tax,0,"64,505.99","258,023.96"
15-Dec-20,ATM,0,"86,007.99","172,015.97"
15-Dec-20,Reversal,0,"86,007.99","86,007.98"
15-Dec-20,Miscellaneous,0,"10,751.00","75,256.98"
15-Dec-20,NEFT,0,"12,542.83","62,714.15"
15-Dec-20,Miscellaneous,0,"6,968.24","55,745.91"
15-Dec-20,Purchase,"25,409.27",0,"81,155.18"
15-Dec-20,Reversal,"24,539.00",0,"105,694.18"
15-Dec-20,NEFT,0,"26,423.55","79,270.63"
15-Dec-20,Miscellaneous,0,"11,324.38","67,946.25"
15-Dec-20,Tax,0,"22,648.75","45,297.50"
15-Dec-20,Debit Card,0,"6,471.07","38,826.43"
15-Dec-20,Miscellaneous,"980,486.00",0,"1,019,312.43"
15-Dec-20,Debit Card,0,"254,828.11","764,484.32"
15-Dec-20,ATM,"23,030.00",0,"787,514.32"
15-Dec-20,Interest,3.42,0,"787,517.74"
15-Dec-20,ATM,"4,226.77",0,"791,744.51"
15-Dec-20,Interest,0,"113,106.36","678,638.15"
15-Dec-20,IMPS,"328,034.00",0,"1,006,672.15"
15-Dec-20,Interest,0,"143,810.31","862,861.84"
15-Dec-20,NEFT,"50,463.50",0,"913,325.34"
15-Dec-20,NEFT,0,"304,441.78","608,883.56"
15-Dec-20,Purchase,352.56,0,"609,236.12"
15-Dec-20,NEFT,0,"609,236.12",0
15-Dec-20,Miscellaneous,3.5,0,3.5
16-Dec-20,Tax,0,1.75,1.75
16-Dec-20,RTGS,0,0.88,0.88
16-Dec-20,Bill,"206,066.00",0,"206,066.88"
16-Dec-20,ATM,0,"206,066.88",0
17-Dec-20,Debit Card,18.1,0,18.1
17-Dec-20,Reversal,0,3.62,14.48
17-Dec-20,Transfer,0,7.24,7.24
17-Dec-20,Miscellaneous,179,0,186.24
17-Dec-20,ATM,"157,336.10",0,"157,522.34"
18-Dec-20,Miscellaneous,"945,550.50",0,"1,103,072.84"
18-Dec-20,Miscellaneous,0,"1,103,072.84",0
18-Dec-20,Cheque,53.77,0,53.77
18-Dec-20,Interest,2.7,0,56.47
18-Dec-20,Interest,30,0,86.47
18-Dec-20,Commission,"130,187.20",0,"130,273.67"
18-Dec-20,ATM,0,"65,136.84","65,136.84"
18-Dec-20,Miscellaneous,"17,846.11",0,"82,982.95"
18-Dec-20,Miscellaneous,391,0,"83,373.95"
18-Dec-20,ATM,0,"8,337.40","75,036.55"
18-Dec-20,ATM,0,"18,759.14","56,277.41"
18-Dec-20,NEFT,0,"8,039.63","48,237.78"
18-Dec-20,Transfer,0,"8,039.63","40,198.15"
19-Dec-20,Interest,"2,312.00",0,"42,510.15"
19-Dec-20,Tax,209,0,"42,719.15"
19-Dec-20,Interest,0,"4,746.57","37,972.58"
19-Dec-20,Miscellaneous,0,"3,797.26","34,175.32"
19-Dec-20,Debit Card,22.3,0,"34,197.62"
19-Dec-20,Cash,"206,522.50",0,"240,720.12"
19-Dec-20,IMPS,0,"34,388.59","206,331.53"
19-Dec-20,Bill,0,"34,388.59","171,942.94"
19-Dec-20,Cheque,0,"85,971.47","85,971.47"
19-Dec-20,Reversal,"3,650.00",0,"89,621.47"
19-Dec-20,Commission,3.6,0,"89,625.07"
19-Dec-20,Purchase,63.6,0,"89,688.67"
19-Dec-20,Bill,"495,144.00",0,"584,832.67"
19-Dec-20,Interest,0,"97,472.11","487,360.56"
19-Dec-20,Tax,"11,877.75",0,"499,238.31"
19-Dec-20,Miscellaneous,0,"55,470.92","443,767.39"
19-Dec-20,RTGS,0,"147,922.46","295,844.93"
19-Dec-20,IMPS,0,"42,263.56","253,581.37"
19-Dec-20,Cash,0,"28,175.71","225,405.66"
19-Dec-20,Tax,0,"56,351.42","169,054.24"
19-Dec-20,Reversal,"175,170.00",0,"344,224.24"
19-Dec-20,NEFT,0,"86,056.06","258,168.18"
19-Dec-20,IMPS,"1,543,147.80",0,"1,801,315.98"
19-Dec-20,RTGS,0,"600,438.66","1,200,877.32"
19-Dec-20,Interest,"3,559.77",0,"1,204,437.09"
19-Dec-20,Reversal,"32,067.00",0,"1,236,504.09"
19-Dec-20,IMPS,0,"247,300.82","989,203.27"
19-Dec-20,RTGS,41.83,0,"989,245.10"
19-Dec-20,IMPS,0,"123,655.64","865,589.46"
19-Dec-20,Bill,"3,855.00",0,"869,444.46"
19-Dec-20,RTGS,"19,442.00",0,"888,886.46"
19-Dec-20,Transfer,5,0,"888,891.46"
19-Dec-20,Reversal,0,"111,111.43","777,780.03"
19-Dec-20,Tax,"1,716.19",0,"779,496.22"
19-Dec-20,IMPS,0,"259,832.07","519,664.15"
19-Dec-20,RTGS,6,0,"519,670.15"
19-Dec-20,Interest,0,"519,670.15",0
19-Dec-20,Cash,"2,009,772.00",0,"2,009,772.00"
19-Dec-20,Bill,2.2,0,"2,009,774.20"
19-Dec-20,Bill,0,"223,308.24","1,786,465.96"
19-Dec-20,NEFT,"992,189.20",0,"2,778,655.16"
19-Dec-20,Transfer,"200,402.88",0,"2,979,058.04"
19-Dec-20,Bill,0,"1,489,529.02","1,489,529.02"
19-Dec-20,NEFT,300.1,0,"1,489,829.12"
19-Dec-20,Cheque,0,"248,304.85","1,241,524.27"
19-Dec-20,Tax,0,"310,381.07","931,143.20"
19-Dec-20,Bill,"61,039.70",0,"992,182.90"
19-Dec-20,Purchase,0,"330,727.63","661,455.27"
19-Dec-20,Purchase,380,0,"661,835.27"
19-Dec-20,Purchase,3.7,0,"661,838.97"
19-Dec-20,Bill,0,"94,548.42","567,290.55"
19-Dec-20,Interest,44.8,0,"567,335.35"
19-Dec-20,Cash,0,"189,111.78","378,223.57"
20-Dec-20,Tax,0,"42,024.84","336,198.73"
20-Dec-20,RTGS,0,"37,355.41","298,843.32"
20-Dec-20,IMPS,"445,017.50",0,"743,860.82"
20-Dec-20,Cash,0,"185,965.21","557,895.62"
20-Dec-20,Cheque,"2,427.26",0,"560,322.88"
20-Dec-20,Commission,0,"280,161.44","280,161.44"
20-Dec-20,Debit Card,0,"40,023.06","240,138.38"
20-Dec-20,NEFT,5.66,0,"240,144.04"
21-Dec-20,Reversal,0,"40,024.01","200,120.03"
21-Dec-20,IMPS,0,"66,706.68","133,413.35"
21-Dec-20,Reversal,"107,888.00",0,"241,301.35"
21-Dec-20,Miscellaneous,0,"80,433.78","160,867.57"
21-Dec-20,Commission,0,"16,086.76","144,780.81"
21-Dec-20,NEFT,4.9,0,"144,785.71"
21-Dec-20,Commission,0,"48,261.90","96,523.81"
21-Dec-20,Cash,"14,680.00",0,"111,203.81"
21-Dec-20,Miscellaneous,0,"22,240.76","88,963.05"
22-Dec-20,Reversal,0,"8,896.31","80,066.74"
22-Dec-20,Debit Card,1.72,0,"80,068.46"
22-Dec-20,Bill,403.33,0,"80,471.79"
22-Dec-20,Transfer,"211,469.90",0,"291,941.69"
22-Dec-20,Transfer,0,"291,941.69",0
22-Dec-20,RTGS,"2,638.63",0,"2,638.63"
22-Dec-20,Tax,0,659.66,"1,978.97"
22-Dec-20,Miscellaneous,311.5,0,"2,290.47"
22-Dec-20,Tax,0,286.31,"2,004.16"
22-Dec-20,Cash,"14,172.43",0,"16,176.59"
23-Dec-20,Commission,0,"3,235.32","12,941.27"
23-Dec-20,IMPS,0,"3,235.32","9,705.95"
23-Dec-20,RTGS,"25,740.14",0,"35,446.09"
23-Dec-20,Transfer,"374,934.50",0,"410,380.59"
23-Dec-20,IMPS,0,"58,625.80","351,754.79"
23-Dec-20,Transfer,0,"351,754.79",0
23-Dec-20,Reversal,"96,835.00",0,"96,835.00"
23-Dec-20,NEFT,0,"13,833.57","83,001.43"
23-Dec-20,RTGS,474,0,"83,475.43"
23-Dec-20,Bill,0,"10,434.43","73,041.00"
23-Dec-20,NEFT,0,"14,608.20","58,432.80"
23-Dec-20,Bill,"959,084.00",0,"1,017,516.80"
23-Dec-20,Commission,0,"145,359.54","872,157.26"
23-Dec-20,Interest,20,0,"872,177.26"
23-Dec-20,Interest,0,"436,088.63","436,088.63"
23-Dec-20,RTGS,833.4,0,"436,922.03"
23-Dec-20,Tax,19.94,0,"436,941.97"
23-Dec-20,Miscellaneous,40.6,0,"436,982.57"
23-Dec-20,NEFT,"2,994.00",0,"439,976.57"
23-Dec-20,Tax,"703,170.00",0,"1,143,146.57"
23-Dec-20,Commission,0,"114,314.66","1,028,831.91"
23-Dec-20,Commission,0,"1,028,831.91",0
23-Dec-20,Interest,"17,650.62",0,"17,650.62"
23-Dec-20,Cheque,3.74,0,"17,654.36"
23-Dec-20,Interest,"1,765,101.25",0,"1,782,755.61"
23-Dec-20,Tax,0,"222,844.45","1,559,911.16"
23-Dec-20,Tax,0,"173,323.46","1,386,587.70"
23-Dec-20,Reversal,0,"138,658.77","1,247,928.93"
23-Dec-20,NEFT,0,"207,988.16","1,039,940.77"
23-Dec-20,Debit Card,"19,511.30",0,"1,059,452.07"
23-Dec-20,Bill,1.6,0,"1,059,453.67"
23-Dec-20,IMPS,0,"353,151.22","706,302.45"
23-Dec-20,Debit Card,"57,235.25",0,"763,537.70"
24-Dec-20,RTGS,0,"381,768.85","381,768.85"
24-Dec-20,Commission,"93,473.00",0,"475,241.85"
24-Dec-20,Debit Card,0,"79,206.98","396,034.88"
24-Dec-20,Cash,0,"66,005.81","330,029.07"
24-Dec-20,Cheque,0,"47,147.01","282,882.06"
24-Dec-20,Cash,0,"282,882.06",0
24-Dec-20,Reversal,26,0,26
24-Dec-20,Reversal,0,3.71,22.29
24-Dec-20,Cheque,0,7.43,14.86
24-Dec-20,NEFT,59.61,0,74.47
24-Dec-20,Tax,7,0,81.47
24-Dec-20,Tax,0,27.16,54.31
24-Dec-20,Transfer,2,0,56.31
24-Dec-20,IMPS,0,11.26,45.05
24-Dec-20,RTGS,0,15.02,30.03
24-Dec-20,Reversal,0,4.29,25.74
24-Dec-20,Interest,0,6.44,19.3
24-Dec-20,Cheque,164.07,0,183.37
24-Dec-20,Commission,"1,469,722.50",0,"1,469,905.87"
24-Dec-20,Interest,0,"293,981.17","1,175,924.70"
24-Dec-20,Tax,0,"235,184.94","940,739.76"
24-Dec-20,Transfer,"169,464.00",0,"1,110,203.76"
24-Dec-20,Cheque,21.9,0,"1,110,225.66"
24-Dec-20,RTGS,197,0,"1,110,422.66"
24-Dec-20,Interest,0,"277,605.67","832,816.99"
24-Dec-20,NEFT,0,"277,605.66","555,211.33"
24-Dec-20,ATM,10.1,0,"555,221.43"
24-Dec-20,Purchase,0,"61,691.27","493,530.16"
24-Dec-20,Debit Card,"20,563.00",0,"514,093.16"
24-Dec-20,Debit Card,"930,501.80",0,"1,444,594.96"
24-Dec-20,Cheque,0,"481,531.65","963,063.31"
24-Dec-20,NEFT,158.7,0,"963,222.01"
24-Dec-20,Tax,3,0,"963,225.01"
24-Dec-20,IMPS,623.6,0,"963,848.61"
24-Dec-20,Miscellaneous,38.2,0,"963,886.81"
24-Dec-20,IMPS,0,"120,485.85","843,400.96"
24-Dec-20,Purchase,0,"140,566.83","702,834.13"
24-Dec-20,Tax,0,"87,854.27","614,979.86"
25-Dec-20,Transfer,0,"307,489.93","307,489.93"
25-Dec-20,Debit Card,0,"153,744.97","153,744.96"
25-Dec-20,Cash,0,"21,963.57","131,781.39"
25-Dec-20,Interest,"16,167.98",0,"147,949.37"
25-Dec-20,Transfer,319.7,0,"148,269.07"
25-Dec-20,Purchase,204,0,"148,473.07"
25-Dec-20,IMPS,287.5,0,"148,760.57"
25-Dec-20,Transfer,6.66,0,"148,767.23"
25-Dec-20,Bill,250.73,0,"149,017.96"
26-Dec-20,Debit Card,0,"149,017.96",0
26-Dec-20,Cheque,"3,179.88",0,"3,179.88"
26-Dec-20,Purchase,0,"1,589.94","1,589.94"
26-Dec-20,Miscellaneous,387.72,0,"1,977.66"
26-Dec-20,Reversal,0,329.61,"1,648.05"
26-Dec-20,Cash,3.14,0,"1,651.19"
26-Dec-20,Purchase,5,0,"1,656.19"
26-Dec-20,Miscellaneous,37.73,0,"1,693.92"
26-Dec-20,Purchase,11,0,"1,704.92"
26-Dec-20,Miscellaneous,"14,647.86",0,"16,352.78"
26-Dec-20,Interest,0,"8,176.39","8,176.39"
26-Dec-20,NEFT,0,"4,088.20","4,088.20"
26-Dec-20,NEFT,62.8,0,"4,151.00"
26-Dec-20,Purchase,0,415.1,"3,735.90"
26-Dec-20,Transfer,"399,325.80",0,"403,061.70"
26-Dec-20,IMPS,"114,788.00",0,"517,849.70"
26-Dec-20,Miscellaneous,0,"517,849.70",0
26-Dec-20,Interest,385.67,0,385.67
27-Dec-20,Commission,0,42.85,342.82
27-Dec-20,Cheque,0,342.82,0
27-Dec-20,Miscellaneous,468.8,0,468.8
27-Dec-20,Debit Card,0,117.2,351.6
27-Dec-20,Purchase,"288,612.00",0,"288,963.60"
27-Dec-20,IMPS,"19,231.00",0,"308,194.60"
27-Dec-20,ATM,"100,285.00",0,"408,479.60"
27-Dec-20,ATM,0,"40,847.96","367,631.64"
27-Dec-20,IMPS,431,0,"368,062.64"
27-Dec-20,RTGS,0,"73,612.53","294,450.11"
27-Dec-20,NEFT,0,"36,806.26","257,643.85"
27-Dec-20,Bill,0,"42,940.64","214,703.21"
28-Dec-20,IMPS,1,0,"214,704.21"
28-Dec-20,Tax,0,"71,568.07","143,136.14"
28-Dec-20,IMPS,"563,087.25",0,"706,223.39"
28-Dec-20,Purchase,"1,456,025.00",0,"2,162,248.39"
28-Dec-20,NEFT,"241,323.60",0,"2,403,571.99"
28-Dec-20,Commission,0,"801,190.66","1,602,381.33"
28-Dec-20,Cheque,0,"1,602,381.33",0
28-Dec-20,Tax,44.09,0,44.09
28-Dec-20,Miscellaneous,"2,311.00",0,"2,355.09"
28-Dec-20,RTGS,0,235.51,"2,119.58"
28-Dec-20,Interest,0,211.96,"1,907.62"
28-Dec-20,Cheque,"2,723.90",0,"4,631.52"
28-Dec-20,Tax,0,"2,315.76","2,315.76"
28-Dec-20,Commission,0,385.96,"1,929.80"
28-Dec-20,ATM,"1,424,824.25",0,"1,426,754.05"
28-Dec-20,NEFT,"481,882.00",0,"1,908,636.05"
28-Dec-20,Cheque,"50,334.72",0,"1,958,970.77"
28-Dec-20,Miscellaneous,0,"489,742.69","1,469,228.08"
28-Dec-20,Miscellaneous,"237,387.41",0,"1,706,615.49"
28-Dec-20,Cash,"30,906.08",0,"1,737,521.57"
28-Dec-20,Transfer,0,"173,752.16","1,563,769.41"
28-Dec-20,Cash,0,"223,395.63","1,340,373.78"
28-Dec-20,Reversal,0,"148,930.42","1,191,443.36"
28-Dec-20,Interest,"214,538.00",0,"1,405,981.36"
28-Dec-20,Interest,"30,970.00",0,"1,436,951.36"
28-Dec-20,Tax,35.1,0,"1,436,986.46"
29-Dec-20,Interest,"30,478.00",0,"1,467,464.46"
29-Dec-20,IMPS,53,0,"1,467,517.46"
29-Dec-20,Reversal,"190,277.80",0,"1,657,795.26"
29-Dec-20,Interest,"40,570.00",0,"1,698,365.26"
29-Dec-20,Purchase,0,"169,836.53","1,528,528.73"
29-Dec-20,RTGS,0,"382,132.18","1,146,396.55"
29-Dec-20,ATM,0,"1,146,396.55",0
29-Dec-20,Cash,42,0,42
29-Dec-20,NEFT,"50,983.25",0,"51,025.25"
29-Dec-20,Cheque,0,"5,669.47","45,355.78"
29-Dec-20,Debit Card,0,"9,071.16","36,284.62"
29-Dec-20,ATM,0,"3,628.46","32,656.16"
29-Dec-20,Transfer,0,"4,665.17","27,990.99"
29-Dec-20,ATM,"126,908.00",0,"154,898.99"
29-Dec-20,Transfer,"28,644.00",0,"183,542.99"
29-Dec-20,NEFT,"52,343.69",0,"235,886.68"
29-Dec-20,Commission,0,"47,177.34","188,709.34"
29-Dec-20,Reversal,0,"20,967.70","167,741.64"
29-Dec-20,Miscellaneous,424,0,"168,165.64"
29-Dec-20,Purchase,"361,208.00",0,"529,373.64"
29-Dec-20,Transfer,0,"66,171.71","463,201.94"
29-Dec-20,Transfer,"629,042.00",0,"1,092,243.94"
29-Dec-20,Miscellaneous,813.03,0,"1,093,056.97"
29-Dec-20,Purchase,0,"109,305.70","983,751.27"
29-Dec-20,Miscellaneous,0,"122,968.91","860,782.36"
29-Dec-20,Cash,0,"107,597.80","753,184.56"
29-Dec-20,Tax,0,"753,184.56",0
29-Dec-20,Purchase,"262,222.00",0,"262,222.00"
29-Dec-20,Miscellaneous,"1,467.11",0,"263,689.11"
29-Dec-20,Transfer,"24,869.00",0,"288,558.11"
29-Dec-20,Miscellaneous,0,"28,855.81","259,702.30"
29-Dec-20,Interest,0,"32,462.79","227,239.51"
29-Dec-20,RTGS,0,"37,873.25","189,366.26"
29-Dec-20,RTGS,0,"18,936.63","170,429.63"
29-Dec-20,Transfer,"234,952.84",0,"405,382.47"
29-Dec-20,Purchase,0,"81,076.49","324,305.98"
29-Dec-20,ATM,0,"32,430.60","291,875.38"
29-Dec-20,Interest,"745,374.00",0,"1,037,249.38"
29-Dec-20,NEFT,0,"259,312.35","777,937.04"
29-Dec-20,Bill,"257,455.94",0,"1,035,392.98"
29-Dec-20,Purchase,0,"1,035,392.98",0
29-Dec-20,NEFT,"31,933.00",0,"31,933.00"
29-Dec-20,Commission,212.6,0,"32,145.60"
29-Dec-20,Reversal,"31,002.00",0,"63,147.60"
29-Dec-20,Cash,0,"31,573.80","31,573.80"
29-Dec-20,Reversal,0,"10,524.60","21,049.20"
29-Dec-20,Purchase,48.1,0,"21,097.30"
29-Dec-20,NEFT,"131,861.50",0,"152,958.80"
29-Dec-20,Cash,4,0,"152,962.80"
29-Dec-20,Cheque,0,"21,851.83","131,110.97"
29-Dec-20,Debit Card,5.6,0,"131,116.57"
29-Dec-20,Debit Card,0,"16,389.57","114,727.00"
29-Dec-20,Bill,0,"12,747.44","101,979.56"
29-Dec-20,RTGS,0,"11,331.06","90,648.50"
29-Dec-20,Cash,"3,931.60",0,"94,580.10"
29-Dec-20,Miscellaneous,0,"11,822.51","82,757.59"
29-Dec-20,Tax,0,"27,585.86","55,171.73"
29-Dec-20,RTGS,0,"6,130.19","49,041.54"
29-Dec-20,Purchase,"18,163.00",0,"67,204.54"
29-Dec-20,Cash,2.19,0,"67,206.73"
29-Dec-20,Miscellaneous,0,"33,603.37","33,603.36"
29-Dec-20,Tax,"29,480.00",0,"63,083.36"
29-Dec-20,Miscellaneous,0,"7,009.26","56,074.10"
29-Dec-20,NEFT,0,"5,607.41","50,466.69"
29-Dec-20,ATM,"247,473.20",0,"297,939.89"
29-Dec-20,Cash,0,"148,969.95","148,969.94"
29-Dec-20,Purchase,0.8,0,"148,970.74"
29-Dec-20,Interest,0.39,0,"148,971.13"
29-Dec-20,Reversal,0,"37,242.78","111,728.35"
29-Dec-20,Cheque,0,"37,242.78","74,485.57"
29-Dec-20,IMPS,0,"9,310.70","65,174.87"
29-Dec-20,Miscellaneous,0,"6,517.49","58,657.38"
29-Dec-20,Transfer,2,0,"58,659.38"
29-Dec-20,Miscellaneous,7,0,"58,666.38"
29-Dec-20,Transfer,0,"8,380.91","50,285.47"
29-Dec-20,Purchase,488,0,"50,773.47"
29-Dec-20,Cheque,21,0,"50,794.47"
29-Dec-20,IMPS,0,"50,794.47",0
29-Dec-20,ATM,"1,984,312.00",0,"1,984,312.00"
29-Dec-20,Cheque,0,"661,437.33","1,322,874.67"
29-Dec-20,Cash,"1,446,013.25",0,"2,768,887.92"
30-Dec-20,Cash,0,"307,654.21","2,461,233.71"
30-Dec-20,ATM,5.6,0,"2,461,239.31"
30-Dec-20,Purchase,"24,693.10",0,"2,485,932.41"
30-Dec-20,Purchase,0,"310,741.55","2,175,190.86"
30-Dec-20,Cash,0,"271,898.86","1,903,292.00"
30-Dec-20,NEFT,"7,409.00",0,"1,910,701.00"
30-Dec-20,Reversal,314,0,"1,911,015.00"
30-Dec-20,Transfer,"261,411.20",0,"2,172,426.20"
30-Dec-20,Cash,0,"1,086,213.10","1,086,213.10"
30-Dec-20,IMPS,"2,744.85",0,"1,088,957.95"
30-Dec-20,Bill,"216,735.81",0,"1,305,693.76"
30-Dec-20,RTGS,0,"145,077.08","1,160,616.68"
30-Dec-20,Bill,0,"116,061.67","1,044,555.01"
30-Dec-20,RTGS,0,"174,092.50","870,462.51"
30-Dec-20,Transfer,0,"87,046.25","783,416.26"
30-Dec-20,Bill,0,"261,138.75","522,277.51"
30-Dec-20,Commission,0.7,0,"522,278.21"
30-Dec-20,ATM,0,"522,278.21",0
30-Dec-20,Miscellaneous,"198,298.60",0,"198,298.60"
30-Dec-20,IMPS,0,"198,298.60",0
30-Dec-20,NEFT,6,0,6
30-Dec-20,ATM,134.9,0,140.9
30-Dec-20,ATM,0,28.18,112.72
30-Dec-20,IMPS,"214,511.25",0,"214,623.97"
30-Dec-20,Commission,0,"107,311.99","107,311.98"
30-Dec-20,Bill,0,"11,923.55","95,388.43"
30-Dec-20,Miscellaneous,378.2,0,"95,766.63"
30-Dec-20,Interest,0,"10,640.74","85,125.89"
30-Dec-20,IMPS,0,"42,562.95","42,562.94"
30-Dec-20,Commission,"54,602.00",0,"97,164.94"
30-Dec-20,RTGS,"2,684.89",0,"99,849.83"
30-Dec-20,RTGS,7.3,0,"99,857.13"
30-Dec-20,Bill,1.81,0,"99,858.94"
30-Dec-20,Interest,0,"11,095.44","88,763.50"
30-Dec-20,IMPS,"28,800.00",0,"117,563.50"
30-Dec-20,Interest,0,"29,390.88","88,172.62"
30-Dec-20,Bill,0,"14,695.44","73,477.18"
30-Dec-20,ATM,"195,883.00",0,"269,360.18"
30-Dec-20,Debit Card,0,"67,340.05","202,020.14"
30-Dec-20,Bill,"57,111.00",0,"259,131.14"
30-Dec-20,Miscellaneous,0,"86,377.05","172,754.09"
30-Dec-20,Reversal,0,"24,679.16","148,074.93"
30-Dec-20,Miscellaneous,0,"24,679.16","123,395.78"
30-Dec-20,RTGS,"1,744.00",0,"125,139.78"
30-Dec-20,Cash,0,"15,642.47","109,497.31"
30-Dec-20,IMPS,38.33,0,"109,535.64"
30-Dec-20,Interest,0,"27,383.91","82,151.73"
31-Dec-20,Purchase,0,"10,268.97","71,882.76"
31-Dec-20,Purchase,0,"11,980.46","59,902.30"
31-Dec-20,Commission,"20,458.20",0,"80,360.50"
31-Dec-20,Transfer,19.54,0,"80,380.04"
31-Dec-20,Cash,0,"11,482.86","68,897.18"
31-Dec-20,Debit Card,"2,580.07",0,"71,477.25"
31-Dec-20,RTGS,"2,019,041.80",0,"2,090,519.05"
31-Dec-20,Debit Card,0,"2,090,519.05",0
31-Dec-20,Cash,"148,144.90",0,"148,144.90"
31-Dec-20,Bill,"3,095.41",0,"151,240.31"
31-Dec-20,NEFT,363.24,0,"151,603.55"
31-Dec-20,Miscellaneous,0,"151,603.55",0
31-Dec-20,ATM,"156,137.00",0,"156,137.00"
31-Dec-20,Bill,153.2,0,"156,290.20"
31-Dec-20,Debit Card,0,"52,096.73","104,193.47"
31-Dec-20,ATM,0,"11,577.05","92,616.42"
31-Dec-20,Cash,0,"10,290.71","82,325.71"
31-Dec-20,RTGS,0,"13,720.95","68,604.76"
31-Dec-20,Purchase,486,0,"69,090.76"
31-Dec-20,IMPS,0,"7,676.75","61,414.01"
31-Dec-20,Reversal,"5,403.00",0,"66,817.01"
31-Dec-20,Commission,850.3,0,"67,667.31"
31-Dec-20,Cheque,"1,119.21",0,"68,786.52"
31-Dec-20,Cash,0,"11,464.42","57,322.10"
31-Dec-20,NEFT,0,"19,107.37","38,214.73"
31-Dec-20,Commission,"2,075,069.00",0,"2,113,283.73"
31-Dec-20,Reversal,"2,734.90",0,"2,116,018.63"
31-Dec-20,ATM,"37,173.80",0,"2,153,192.43"
31-Dec-20,Purchase,0,"430,638.49","1,722,553.94"
31-Dec-20,Reversal,754.12,0,"1,723,308.06"
31-Dec-20,NEFT,444.6,0,"1,723,752.66"
31-Dec-20,NEFT,0,"1,723,752.66",0
31-Dec-20,Tax,195,0,195
31-Dec-20,NEFT,"104,734.38",0,"104,929.38"
31-Dec-20,Transfer,"1,799.30",0,"106,728.68"
31-Dec-20,Tax,3.6,0,"106,732.28"
31-Dec-20,Interest,7.6,0,"106,739.88"
31-Dec-20,Cash,0,"15,248.55","91,491.33"
31-Dec-20,Transfer,0,"30,497.11","60,994.22"
31-Dec-20,RTGS,"1,315,551.50",0,"1,376,545.72"
31-Dec-20,Commission,0,"344,136.43","1,032,409.29"
31-Dec-20,ATM,"81,877.00",0,"1,114,286.29"
31-Dec-20,Commission,0,"1,114,286.29",0
31-Dec-20,Debit Card,"168,955.30",0,"168,955.30"
31-Dec-20,Debit Card,0,"56,318.43","112,636.87"
31-Dec-20,Transfer,0,"37,545.62","75,091.25"
31-Dec-20,Reversal,0,"7,509.13","67,582.12"
31-Dec-20,Debit Card,"24,129.80",0,"91,711.92"
31-Dec-20,Miscellaneous,176,0,"91,887.92"
31-Dec-20,Commission,"2,133.44",0,"94,021.36"
31-Dec-20,IMPS,0,"13,431.62","80,589.74"
31-Dec-20,NEFT,"1,773,744.50",0,"1,854,334.24"
31-Dec-20,Tax,0,"927,167.12","927,167.12"
31-Dec-20,Interest,2.73,0,"927,169.85"
31-Dec-20,RTGS,"18,158.00",0,"945,327.85"
31-Dec-20,Purchase,0,"472,663.93","472,663.92"
01-Jan-21,Tax,0,"47,266.39","425,397.53"
01-Jan-21,Interest,34.8,0,"425,432.33"
01-Jan-21,Cheque,0,"70,905.39","354,526.94"
01-Jan-21,Cheque,"1,656.01",0,"356,182.95"
02-Jan-21,Purchase,0,"39,575.88","316,607.07"
02-Jan-21,Commission,29.7,0,"316,636.77"
02-Jan-21,Transfer,0,"316,636.77",0
02-Jan-21,ATM,386.4,0,386.4
02-Jan-21,Commission,55.35,0,441.75
02-Jan-21,Commission,126,0,567.75
02-Jan-21,Bill,0,189.25,378.5
02-Jan-21,Bill,0,37.85,340.65
02-Jan-21,ATM,"1,519,508.20",0,"1,519,848.85"
02-Jan-21,Interest,4.68,0,"1,519,853.53"
02-Jan-21,Purchase,45.6,0,"1,519,899.13"
02-Jan-21,Miscellaneous,7,0,"1,519,906.13"
02-Jan-21,Cash,0,"759,953.07","759,953.06"
02-Jan-21,ATM,"19,674.00",0,"779,627.06"
02-Jan-21,Reversal,"22,624.07",0,"802,251.13"
02-Jan-21,IMPS,"8,680.79",0,"810,931.92"
02-Jan-21,IMPS,0,"162,186.38","648,745.54"
03-Jan-21,ATM,0,"72,082.84","576,662.70"
03-Jan-21,Interest,460.22,0,"577,122.92"
03-Jan-21,Reversal,0,"57,712.29","519,410.63"
03-Jan-21,Commission,0,"519,410.63",0
03-Jan-21,NEFT,"3,774.40",0,"3,774.40"
03-Jan-21,Miscellaneous,"3,436.00",0,"7,210.40"
03-Jan-21,Miscellaneous,0,"1,201.73","6,008.67"
03-Jan-21,Miscellaneous,0,667.63,"5,341.04"
03-Jan-21,ATM,0,667.63,"4,673.41"
03-Jan-21,IMPS,0,"1,168.35","3,505.06"
03-Jan-21,Debit Card,"1,551,844.00",0,"1,555,349.06"
03-Jan-21,Bill,"15,216.00",0,"1,570,565.06"
03-Jan-21,Purchase,"530,797.00",0,"2,101,362.06"
03-Jan-21,NEFT,0,"2,101,362.06",0
03-Jan-21,IMPS,"18,379.80",0,"18,379.80"
03-Jan-21,Debit Card,"373,190.25",0,"391,570.05"
03-Jan-21,Miscellaneous,"224,455.00",0,"616,025.05"
03-Jan-21,NEFT,"258,052.47",0,"874,077.52"
03-Jan-21,Cash,100.2,0,"874,177.72"
03-Jan-21,Bill,0,"87,417.77","786,759.95"
03-Jan-21,Reversal,0,"87,417.77","699,342.18"
03-Jan-21,Cash,"243,162.84",0,"942,505.02"
03-Jan-21,Tax,254.39,0,"942,759.41"
03-Jan-21,RTGS,0,"117,844.93","824,914.48"
03-Jan-21,Miscellaneous,0,"412,457.24","412,457.24"
03-Jan-21,Commission,0,"412,457.24",0
03-Jan-21,Cash,"2,282.78",0,"2,282.78"
03-Jan-21,Miscellaneous,49,0,"2,331.78"
03-Jan-21,RTGS,0,582.95,"1,748.84"
03-Jan-21,NEFT,0,582.95,"1,165.89"
03-Jan-21,IMPS,"1,391,754.50",0,"1,392,920.39"
03-Jan-21,Purchase,0,"1,392,920.39",0
03-Jan-21,Miscellaneous,49,0,49
03-Jan-21,Purchase,"3,811.34",0,"3,860.34"
03-Jan-21,ATM,0,965.09,"2,895.26"
03-Jan-21,Commission,"1,521,781.20",0,"1,524,676.46"
03-Jan-21,Bill,251,0,"1,524,927.46"
03-Jan-21,Cheque,0,"762,463.73","762,463.73"
03-Jan-21,Cheque,"2,769.00",0,"765,232.73"
03-Jan-21,Cash,129,0,"765,361.73"
04-Jan-21,Reversal,"38,435.20",0,"803,796.93"
04-Jan-21,ATM,0,"200,949.23","602,847.70"
04-Jan-21,Cheque,0,"301,423.85","301,423.85"
04-Jan-21,Reversal,183.4,0,"301,607.25"
04-Jan-21,Reversal,0,"100,535.75","201,071.50"
04-Jan-21,Debit Card,"29,616.64",0,"230,688.14"
04-Jan-21,Interest,0,"25,632.02","205,056.12"
04-Jan-21,Debit Card,19.4,0,"205,075.52"
04-Jan-21,Transfer,60.68,0,"205,136.20"
04-Jan-21,Commission,169.5,0,"205,305.70"
04-Jan-21,Purchase,"280,017.50",0,"485,323.20"
04-Jan-21,Miscellaneous,3.39,0,"485,326.59"
04-Jan-21,ATM,4.71,0,"485,331.30"
04-Jan-21,Cheque,0,"242,665.65","242,665.65"
04-Jan-21,Purchase,0,"24,266.57","218,399.08"
04-Jan-21,NEFT,5.1,0,"218,404.18"
04-Jan-21,Commission,0,"218,404.18",0
04-Jan-21,Bill,"32,141.00",0,"32,141.00"
04-Jan-21,RTGS,"889,575.50",0,"921,716.50"
04-Jan-21,Cheque,0,"92,171.65","829,544.85"
04-Jan-21,Tax,0,"207,386.21","622,158.64"
04-Jan-21,Commission,0,"103,693.11","518,465.53"
04-Jan-21,Reversal,37.8,0,"518,503.33"
04-Jan-21,Purchase,0,"57,611.48","460,891.85"
04-Jan-21,Transfer,0,"57,611.48","403,280.37"
04-Jan-21,Cheque,"3,193.00",0,"406,473.37"
04-Jan-21,Reversal,0,"67,745.56","338,727.81"
04-Jan-21,Bill,0,"169,363.91","169,363.90"
04-Jan-21,Bill,0,"16,936.39","152,427.51"
04-Jan-21,RTGS,0,"38,106.88","114,320.63"
04-Jan-21,IMPS,0,"114,320.63",0
04-Jan-21,Commission,7.6,0,7.6
04-Jan-21,Purchase,163,0,170.6
04-Jan-21,Transfer,0,34.12,136.48
04-Jan-21,Transfer,0,68.24,68.24
04-Jan-21,Debit Card,0,11.37,56.87
04-Jan-21,Bill,0,5.69,51.18
04-Jan-21,Cash,0,5.69,45.49
04-Jan-21,Transfer,0,6.5,38.99
04-Jan-21,NEFT,"1,989,366.00",0,"1,989,404.99"
04-Jan-21,Interest,0,"397,881.00","1,591,523.99"
04-Jan-21,Cash,"3,563.16",0,"1,595,087.15"
04-Jan-21,RTGS,0,"398,771.79","1,196,315.36"
04-Jan-21,RTGS,"32,759.40",0,"1,229,074.76"
04-Jan-21,Bill,4.42,0,"1,229,079.18"
04-Jan-21,IMPS,286.9,0,"1,229,366.08"
04-Jan-21,Miscellaneous,0,"122,936.61","1,106,429.47"
04-Jan-21,Cash,2.23,0,"1,106,431.70"
04-Jan-21,Transfer,89.4,0,"1,106,521.10"
04-Jan-21,Bill,0,"276,630.28","829,890.82"
04-Jan-21,Transfer,"473,151.50",0,"1,303,042.32"
04-Jan-21,Tax,0,"260,608.46","1,042,433.86"
04-Jan-21,Bill,"92,609.00",0,"1,135,042.86"
04-Jan-21,Debit Card,0,"283,760.72","851,282.14"
04-Jan-21,Bill,"3,260.61",0,"854,542.75"
04-Jan-21,Transfer,0,"142,423.79","712,118.96"
04-Jan-21,Cheque,0,"118,686.49","593,432.47"
04-Jan-21,Transfer,0,"296,716.24","296,716.24"
04-Jan-21,Tax,185.86,0,"296,902.10"
04-Jan-21,Cheque,0,"296,902.10",0
04-Jan-21,Transfer,"4,489.00",0,"4,489.00"
04-Jan-21,Reversal,"67,330.00",0,"71,819.00"
04-Jan-21,Bill,0,"17,954.75","53,864.25"
04-Jan-21,Reversal,0,"6,733.03","47,131.22"
04-Jan-21,Transfer,0,"47,131.22",0
04-Jan-21,Cash,928,0,928
04-Jan-21,Commission,0,185.6,742.4
04-Jan-21,ATM,0,148.48,593.92
04-Jan-21,Cash,0,59.39,534.53
04-Jan-21,Miscellaneous,"167,179.10",0,"167,713.63"
04-Jan-21,Miscellaneous,0,"16,771.36","150,942.27"
04-Jan-21,NEFT,6.9,0,"150,949.17"
04-Jan-21,Miscellaneous,0,"50,316.39","100,632.78"
04-Jan-21,Reversal,0,"25,158.20","75,474.58"
04-Jan-21,Reversal,"16,402.00",0,"91,876.58"
04-Jan-21,Transfer,0,"18,375.32","73,501.26"
04-Jan-21,Interest,0.61,0,"73,501.87"
04-Jan-21,Cheque,0,"73,501.87",0
04-Jan-21,Interest,"536,380.50",0,"536,380.50"
04-Jan-21,Tax,0,"134,095.13","402,285.38"
04-Jan-21,IMPS,0,"201,142.69","201,142.69"
04-Jan-21,Bill,0,"25,142.84","175,999.85"
04-Jan-21,Tax,0,"21,999.98","153,999.87"
04-Jan-21,Cash,"243,554.90",0,"397,554.77"
04-Jan-21,Transfer,0,"397,554.77",0
05-Jan-21,Cheque,172,0,172
05-Jan-21,Cash,121.79,0,293.79
05-Jan-21,Interest,58,0,351.79
05-Jan-21,Transfer,0,35.18,316.61
05-Jan-21,Debit Card,0,31.66,284.95
05-Jan-21,IMPS,294,0,578.95
05-Jan-21,Commission,0,192.98,385.97
05-Jan-21,Bill,"23,376.36",0,"23,762.33"
05-Jan-21,Cheque,0,"3,960.39","19,801.94"
05-Jan-21,Bill,27,0,"19,828.94"
05-Jan-21,Cash,0,"4,957.24","14,871.70"
05-Jan-21,Miscellaneous,0,"1,487.17","13,384.53"
05-Jan-21,ATM,0,"2,230.76","11,153.78"
06-Jan-21,Cheque,0,"1,239.31","9,914.47"
06-Jan-21,Commission,0,"1,101.61","8,812.86"
06-Jan-21,Cheque,29.6,0,"8,842.46"
06-Jan-21,RTGS,906,0,"9,748.46"
06-Jan-21,NEFT,0,"1,218.56","8,529.90"
06-Jan-21,Reversal,6.41,0,"8,536.31"
06-Jan-21,NEFT,0,853.63,"7,682.68"
06-Jan-21,Commission,0,"1,280.45","6,402.23"
06-Jan-21,RTGS,0,"1,280.45","5,121.78"
06-Jan-21,ATM,0,"1,024.36","4,097.42"
06-Jan-21,Cash,"12,880.00",0,"16,977.42"
06-Jan-21,Miscellaneous,0,"4,244.36","12,733.06"
06-Jan-21,Purchase,0,"1,819.01","10,914.05"
06-Jan-21,Tax,6,0,"10,920.05"
06-Jan-21,Purchase,"198,273.80",0,"209,193.85"
06-Jan-21,IMPS,0,"104,596.93","104,596.92"
06-Jan-21,NEFT,0,"14,942.42","89,654.50"
06-Jan-21,Cheque,"66,645.90",0,"156,300.40"
06-Jan-21,Bill,"550,329.00",0,"706,629.40"
06-Jan-21,NEFT,0,"176,657.35","529,972.05"
06-Jan-21,Miscellaneous,0,"529,972.05",0
06-Jan-21,Cash,41,0,41
07-Jan-21,Purchase,0,5.86,35.14
07-Jan-21,Debit Card,5.85,0,40.99
07-Jan-21,Bill,7,0,47.99
07-Jan-21,Tax,23.12,0,71.11
07-Jan-21,Transfer,0,14.22,56.89
07-Jan-21,Interest,0,56.89,0
07-Jan-21,Transfer,"1,942,208.50",0,"1,942,208.50"
07-Jan-21,Debit Card,"1,113,304.25",0,"3,055,512.75"
07-Jan-21,Cheque,7,0,"3,055,519.75"
07-Jan-21,Cheque,0,"3,055,519.75",0
07-Jan-21,Tax,"2,075,804.00",0,"2,075,804.00"
07-Jan-21,Interest,20.9,0,"2,075,824.90"
07-Jan-21,IMPS,818.58,0,"2,076,643.48"
07-Jan-21,Tax,0,"259,580.44","1,817,063.04"
07-Jan-21,Interest,"22,904.00",0,"1,839,967.04"
07-Jan-21,Miscellaneous,"133,271.80",0,"1,973,238.84"
07-Jan-21,Purchase,0,"493,309.71","1,479,929.13"
07-Jan-21,Debit Card,0,"739,964.57","739,964.56"
07-Jan-21,Cheque,438,0,"740,402.56"
07-Jan-21,Miscellaneous,467.41,0,"740,869.97"
08-Jan-21,IMPS,"66,619.40",0,"807,489.37"
08-Jan-21,Tax,0,"403,744.69","403,744.68"
08-Jan-21,ATM,0,"40,374.47","363,370.21"
08-Jan-21,NEFT,0,"36,337.02","327,033.19"
08-Jan-21,Cash,"1,580,774.00",0,"1,907,807.19"
08-Jan-21,Purchase,1,0,"1,907,808.19"
08-Jan-21,Bill,0,"238,476.02","1,669,332.17"
08-Jan-21,Cash,"275,015.25",0,"1,944,347.42"
08-Jan-21,Debit Card,"1,445,265.00",0,"3,389,612.42"
08-Jan-21,Bill,18,0,"3,389,630.42"
08-Jan-21,Transfer,298.02,0,"3,389,928.44"
08-Jan-21,Miscellaneous,0,"564,988.07","2,824,940.37"
08-Jan-21,NEFT,3.1,0,"2,824,943.47"
08-Jan-21,Reversal,178.88,0,"2,825,122.35"
08-Jan-21,ATM,1,0,"2,825,123.35"
08-Jan-21,Cash,2,0,"2,825,125.35"
08-Jan-21,Debit Card,0,"1,412,562.68","1,412,562.68"
08-Jan-21,Interest,0,"353,140.67","1,059,422.01"
08-Jan-21,Bill,5.23,0,"1,059,427.24"
08-Jan-21,Interest,29.71,0,"1,059,456.95"
08-Jan-21,NEFT,0,"151,350.99","908,105.96"
08-Jan-21,Commission,0,"129,729.42","778,376.54"
08-Jan-21,IMPS,0,"97,297.07","681,079.47"
08-Jan-21,Bill,390,0,"681,469.47"
09-Jan-21,Miscellaneous,0,"113,578.25","567,891.22"
09-Jan-21,NEFT,"19,770.51",0,"587,661.73"
10-Jan-21,Cheque,0,"97,943.62","489,718.11"
10-Jan-21,Cheque,0,"61,214.76","428,503.35"
10-Jan-21,Purchase,0,"214,251.68","214,251.68"
10-Jan-21,RTGS,0,"21,425.17","192,826.51"
10-Jan-21,Cash,0,"32,137.75","160,688.76"
10-Jan-21,Commission,28.53,0,"160,717.29"
10-Jan-21,IMPS,0,"32,143.46","128,573.83"
10-Jan-21,Transfer,133,0,"128,706.83"
10-Jan-21,RTGS,53.25,0,"128,760.08"
10-Jan-21,ATM,"244,023.53",0,"372,783.61"
10-Jan-21,Bill,0,"41,420.40","331,363.21"
11-Jan-21,Transfer,218,0,"331,581.21"
11-Jan-21,NEFT,6.2,0,"331,587.41"
11-Jan-21,Cheque,2.5,0,"331,589.91"
11-Jan-21,RTGS,"3,190.00",0,"334,779.91"
11-Jan-21,Commission,0,"167,389.96","167,389.95"
11-Jan-21,NEFT,"105,043.31",0,"272,433.26"
11-Jan-21,Reversal,"9,154.50",0,"281,587.76"
11-Jan-21,Debit Card,"4,035.40",0,"285,623.16"
11-Jan-21,Transfer,34.3,0,"285,657.46"
11-Jan-21,Miscellaneous,60,0,"285,717.46"
11-Jan-21,Interest,0,"40,816.78","244,900.68"
11-Jan-21,Tax,0,"48,980.14","195,920.54"
11-Jan-21,Tax,0,"39,184.11","156,736.43"
11-Jan-21,Debit Card,"11,341.80",0,"168,078.23"
11-Jan-21,Debit Card,5.35,0,"168,083.58"
11-Jan-21,ATM,0,"18,675.95","149,407.63"
11-Jan-21,Debit Card,0,"14,940.76","134,466.87"
11-Jan-21,Interest,6.05,0,"134,472.92"
11-Jan-21,IMPS,55.79,0,"134,528.71"
11-Jan-21,Bill,"2,166.20",0,"136,694.91"
11-Jan-21,Debit Card,0,"45,564.97","91,129.94"
11-Jan-21,Transfer,0,"91,129.94",0
12-Jan-21,Cheque,958.97,0,958.97
12-Jan-21,Miscellaneous,0,319.66,639.31
12-Jan-21,Purchase,"22,951.20",0,"23,590.51"
12-Jan-21,ATM,0,"11,795.26","11,795.26"
12-Jan-21,Interest,"220,986.16",0,"232,781.42"
12-Jan-21,Cheque,"19,926.00",0,"252,707.42"
12-Jan-21,Commission,3,0,"252,710.42"
12-Jan-21,Transfer,0,"252,710.42",0
12-Jan-21,Debit Card,2.9,0,2.9
13-Jan-21,Miscellaneous,"238,994.80",0,"238,997.70"
13-Jan-21,RTGS,0,"23,899.77","215,097.93"
13-Jan-21,Debit Card,"131,422.90",0,"346,520.83"
13-Jan-21,Transfer,0,"57,753.47","288,767.36"
13-Jan-21,ATM,"62,120.00",0,"350,887.36"
13-Jan-21,Purchase,4,0,"350,891.36"
13-Jan-21,Bill,0,"116,963.79","233,927.57"
13-Jan-21,Debit Card,"22,741.00",0,"256,668.57"
13-Jan-21,Commission,0,"128,334.29","128,334.28"
13-Jan-21,NEFT,0,"128,334.28",0
13-Jan-21,Purchase,9.14,0,9.14
13-Jan-21,Cash,0,3.05,6.09
13-Jan-21,IMPS,0,2.03,4.06
13-Jan-21,RTGS,0,0.45,3.61
13-Jan-21,Cash,0,0.45,3.16
13-Jan-21,Miscellaneous,0,1.58,1.58
13-Jan-21,Bill,"1,496.50",0,"1,498.08"
13-Jan-21,Reversal,"26,277.00",0,"27,775.08"
13-Jan-21,Interest,0,"3,086.12","24,688.96"
13-Jan-21,Bill,"13,409.00",0,"38,097.96"
13-Jan-21,Debit Card,"2,316.00",0,"40,413.96"
13-Jan-21,Transfer,0,"6,735.66","33,678.30"
13-Jan-21,Cash,"3,752.56",0,"37,430.86"
13-Jan-21,Interest,6,0,"37,436.86"
13-Jan-21,Purchase,12.6,0,"37,449.46"
13-Jan-21,NEFT,9,0,"37,458.46"
13-Jan-21,NEFT,0,"5,351.21","32,107.25"
13-Jan-21,IMPS,0,"3,567.47","28,539.78"
13-Jan-21,IMPS,"19,693.50",0,"48,233.28"
13-Jan-21,Interest,"85,490.80",0,"133,724.08"
13-Jan-21,Tax,0,"33,431.02","100,293.06"
13-Jan-21,Miscellaneous,0,"100,293.06",0
13-Jan-21,Debit Card,5,0,5
13-Jan-21,Bill,"8,619.65",0,"8,624.65"
13-Jan-21,Miscellaneous,0,"1,232.09","7,392.56"
14-Jan-21,Commission,"1,200,399.20",0,"1,207,791.76"
14-Jan-21,ATM,7,0,"1,207,798.76"
14-Jan-21,Bill,0,"120,779.88","1,087,018.88"
14-Jan-21,Tax,0,"120,779.88","966,239.00"
14-Jan-21,Cash,"16,519.29",0,"982,758.29"
14-Jan-21,Transfer,0,"140,394.04","842,364.25"
14-Jan-21,Purchase,0,"120,337.75","722,026.50"
14-Jan-21,Interest,0,"144,405.30","577,621.20"
14-Jan-21,ATM,0,"64,180.13","513,441.07"
14-Jan-21,Miscellaneous,8,0,"513,449.07"
14-Jan-21,Interest,0,"102,689.81","410,759.26"
14-Jan-21,Debit Card,"164,996.06",0,"575,755.32"
14-Jan-21,Miscellaneous,70,0,"575,825.32"
14-Jan-21,NEFT,"28,703.00",0,"604,528.32"
14-Jan-21,Interest,56.43,0,"604,584.75"
14-Jan-21,Transfer,390,0,"604,974.75"
14-Jan-21,Debit Card,0,"302,487.38","302,487.38"
14-Jan-21,ATM,"15,024.00",0,"317,511.38"
14-Jan-21,Purchase,1.65,0,"317,513.03"
14-Jan-21,Reversal,0,"31,751.30","285,761.73"
14-Jan-21,Interest,3,0,"285,764.73"
14-Jan-21,Cheque,0,"31,751.64","254,013.09"
14-Jan-21,ATM,959.93,0,"254,973.02"
14-Jan-21,NEFT,"139,282.00",0,"394,255.02"
14-Jan-21,RTGS,1.84,0,"394,256.86"
14-Jan-21,Miscellaneous,9,0,"394,265.86"
14-Jan-21,Purchase,403.73,0,"394,669.59"
14-Jan-21,Debit Card,"1,949.00",0,"396,618.59"
14-Jan-21,IMPS,0,"56,659.80","339,958.79"
14-Jan-21,Miscellaneous,0,"48,565.54","291,393.25"
14-Jan-21,NEFT,0,"97,131.08","194,262.17"
14-Jan-21,IMPS,0,"194,262.17",0
14-Jan-21,NEFT,1.25,0,1.25
14-Jan-21,Debit Card,363.8,0,365.05
14-Jan-21,Commission,0,365.05,0
14-Jan-21,IMPS,0.21,0,0.21
14-Jan-21,Cash,0,0.04,0.17
14-Jan-21,Purchase,0,0.06,0.11
14-Jan-21,RTGS,"2,091,655.75",0,"2,091,655.86"
14-Jan-21,NEFT,0,"298,807.98","1,792,847.88"
14-Jan-21,Commission,"5,371.21",0,"1,798,219.09"
14-Jan-21,Debit Card,0,"179,821.91","1,618,397.18"
14-Jan-21,NEFT,7.6,0,"1,618,404.78"
14-Jan-21,Cheque,"188,687.06",0,"1,807,091.84"
14-Jan-21,Commission,"2,034.90",0,"1,809,126.74"
14-Jan-21,Miscellaneous,0,"904,563.37","904,563.37"
14-Jan-21,Cash,0,"90,456.34","814,107.03"
14-Jan-21,IMPS,117.21,0,"814,224.24"
14-Jan-21,Tax,0,"101,778.03","712,446.21"
14-Jan-21,Tax,0,"71,244.62","641,201.59"
14-Jan-21,Purchase,"3,844.00",0,"645,045.59"
14-Jan-21,NEFT,58.3,0,"645,103.89"
14-Jan-21,Reversal,0,"71,678.21","573,425.68"
14-Jan-21,IMPS,"1,114.62",0,"574,540.30"
14-Jan-21,NEFT,0,"287,270.15","287,270.15"
14-Jan-21,Cheque,"22,703.60",0,"309,973.75"
14-Jan-21,Commission,368.66,0,"310,342.41"
14-Jan-21,Purchase,8,0,"310,350.41"
14-Jan-21,Transfer,"2,200.00",0,"312,550.41"
14-Jan-21,ATM,841,0,"313,391.41"
14-Jan-21,Transfer,"3,730.10",0,"317,121.51"
14-Jan-21,Debit Card,0,"35,235.72","281,885.79"
14-Jan-21,ATM,0,"40,269.40","241,616.39"
14-Jan-21,ATM,0,"80,538.80","161,077.59"
14-Jan-21,Debit Card,21.52,0,"161,099.11"
14-Jan-21,Interest,34.8,0,"161,133.91"
14-Jan-21,Commission,0,"26,855.65","134,278.26"
14-Jan-21,Debit Card,0,"26,855.65","107,422.61"
14-Jan-21,Reversal,0,"26,855.65","80,566.96"
14-Jan-21,Debit Card,0,"11,509.57","69,057.39"
14-Jan-21,Commission,0,"6,905.74","62,151.65"
14-Jan-21,Miscellaneous,0,"12,430.33","49,721.32"
14-Jan-21,Transfer,0,"4,972.13","44,749.19"
14-Jan-21,Commission,31,0,"44,780.19"
14-Jan-21,Reversal,"268,498.75",0,"313,278.94"
14-Jan-21,Miscellaneous,50,0,"313,328.94"
14-Jan-21,RTGS,"1,969,256.00",0,"2,282,584.94"
14-Jan-21,IMPS,0,"228,258.49","2,054,326.45"
14-Jan-21,Interest,51.6,0,"2,054,378.05"
14-Jan-21,Cash,"11,435.50",0,"2,065,813.55"
14-Jan-21,Cheque,"2,700.20",0,"2,068,513.75"
14-Jan-21,ATM,"213,366.60",0,"2,281,880.35"
14-Jan-21,Tax,33.2,0,"2,281,913.55"
14-Jan-21,IMPS,"1,076,262.50",0,"3,358,176.05"
14-Jan-21,Miscellaneous,0,"335,817.61","3,022,358.44"
14-Jan-21,Miscellaneous,"792,448.00",0,"3,814,806.44"
14-Jan-21,Debit Card,"267,820.00",0,"4,082,626.44"
14-Jan-21,NEFT,"3,488.00",0,"4,086,114.44"
14-Jan-21,Cheque,0,"4,086,114.44",0
14-Jan-21,Reversal,"1,768,683.00",0,"1,768,683.00"
14-Jan-21,Reversal,"674,782.75",0,"2,443,465.75"
14-Jan-21,Purchase,"72,256.00",0,"2,515,721.75"
14-Jan-21,Interest,"1,416,884.00",0,"3,932,605.75"
14-Jan-21,RTGS,"1,845,238.00",0,"5,777,843.75"
15-Jan-21,Debit Card,60.39,0,"5,777,904.14"
15-Jan-21,NEFT,0,"1,925,968.05","3,851,936.09"
15-Jan-21,Debit Card,0,"385,193.61","3,466,742.48"
15-Jan-21,Reversal,450.31,0,"3,467,192.79"
15-Jan-21,IMPS,0,"866,798.20","2,600,394.59"
15-Jan-21,Cheque,0,"260,039.46","2,340,355.13"
15-Jan-21,Tax,0,"260,039.46","2,080,315.67"
15-Jan-21,Purchase,0,"297,187.95","1,783,127.72"
15-Jan-21,IMPS,924.36,0,"1,784,052.08"
15-Jan-21,RTGS,"1,392,621.50",0,"3,176,673.58"
15-Jan-21,Purchase,31,0,"3,176,704.58"
15-Jan-21,Bill,0,"635,340.92","2,541,363.66"
15-Jan-21,ATM,5.7,0,"2,541,369.36"
15-Jan-21,RTGS,0,"423,561.56","2,117,807.80"
15-Jan-21,Purchase,0,"705,935.93","1,411,871.87"
15-Jan-21,NEFT,0,"141,187.19","1,270,684.68"
15-Jan-21,Cash,0,"635,342.34","635,342.34"
15-Jan-21,Cheque,"220,608.44",0,"855,950.78"
15-Jan-21,Miscellaneous,0,"95,105.64","760,845.14"
15-Jan-21,Bill,0,"95,105.64","665,739.50"
15-Jan-21,Reversal,0,"95,105.64","570,633.86"
15-Jan-21,Interest,0,"95,105.64","475,528.22"
15-Jan-21,Bill,0,"475,528.22",0
16-Jan-21,Commission,43,0,43
16-Jan-21,RTGS,0,4.78,38.22
16-Jan-21,Interest,6.06,0,44.28
16-Jan-21,Cheque,0,44.28,0
16-Jan-21,Interest,262.2,0,262.2
16-Jan-21,Miscellaneous,0,29.13,233.07
16-Jan-21,Transfer,0,46.61,186.46
16-Jan-21,IMPS,0,26.64,159.82
16-Jan-21,Bill,0,26.64,133.18
16-Jan-21,Interest,0,26.64,106.54
16-Jan-21,ATM,328,0,434.54
16-Jan-21,Cheque,368,0,802.54
17-Jan-21,ATM,1.25,0,803.79
17-Jan-21,NEFT,0,401.9,401.9
17-Jan-21,Tax,0,200.95,200.95
17-Jan-21,Cash,"183,430.30",0,"183,631.25"
17-Jan-21,Purchase,0,"18,363.13","165,268.12"
17-Jan-21,Interest,"1,186,767.75",0,"1,352,035.87"
17-Jan-21,Purchase,0,"135,203.59","1,216,832.28"
17-Jan-21,ATM,"244,629.00",0,"1,461,461.28"
17-Jan-21,NEFT,"131,989.88",0,"1,593,451.16"
17-Jan-21,Cheque,0,"318,690.23","1,274,760.93"
17-Jan-21,RTGS,50.29,0,"1,274,811.22"
17-Jan-21,Commission,"18,995.00",0,"1,293,806.22"
17-Jan-21,Cash,23.2,0,"1,293,829.42"
17-Jan-21,ATM,"24,555.00",0,"1,318,384.42"
17-Jan-21,Transfer,0,"263,676.88","1,054,707.54"
17-Jan-21,Debit Card,0,"131,838.44","922,869.10"
17-Jan-21,Purchase,38.09,0,"922,907.19"
17-Jan-21,Interest,0,"307,635.73","615,271.46"
17-Jan-21,NEFT,0,"87,895.92","527,375.54"
17-Jan-21,Tax,0,"52,737.55","474,637.99"
17-Jan-21,Purchase,0,"67,805.43","406,832.56"
17-Jan-21,ATM,0,"40,683.26","366,149.30"
17-Jan-21,ATM,10,0,"366,159.30"
17-Jan-21,Bill,0,"91,539.83","274,619.47"
17-Jan-21,Miscellaneous,371.04,0,"274,990.51"
17-Jan-21,Commission,"2,096,142.75",0,"2,371,133.26"
17-Jan-21,NEFT,"920,236.00",0,"3,291,369.26"
17-Jan-21,RTGS,0,"548,561.54","2,742,807.72"
17-Jan-21,RTGS,0,"391,829.67","2,350,978.05"
17-Jan-21,Reversal,"132,108.00",0,"2,483,086.05"
17-Jan-21,Reversal,913.51,0,"2,483,999.56"
17-Jan-21,Tax,316.11,0,"2,484,315.67"
18-Jan-21,Purchase,222.8,0,"2,484,538.47"
18-Jan-21,NEFT,"19,797.30",0,"2,504,335.77"
18-Jan-21,Reversal,0,"250,433.58","2,253,902.19"
18-Jan-21,Miscellaneous,377.5,0,"2,254,279.69"
18-Jan-21,Commission,"598,172.00",0,"2,852,451.69"
18-Jan-21,Reversal,5.8,0,"2,852,457.49"
18-Jan-21,Transfer,"5,146.00",0,"2,857,603.49"
18-Jan-21,Interest,0,"285,760.35","2,571,843.14"
18-Jan-21,Bill,"17,018.10",0,"2,588,861.24"
18-Jan-21,ATM,"3,716.40",0,"2,592,577.64"
18-Jan-21,Tax,1.9,0,"2,592,579.54"
18-Jan-21,Transfer,"8,641.00",0,"2,601,220.54"
18-Jan-21,Purchase,0,"289,024.50","2,312,196.04"
18-Jan-21,Reversal,0,"578,049.01","1,734,147.03"
18-Jan-21,Transfer,0,"247,735.29","1,486,411.74"
18-Jan-21,IMPS,0,"247,735.29","1,238,676.45"
18-Jan-21,Reversal,0,"1,238,676.45",0
18-Jan-21,Transfer,"3,487.69",0,"3,487.69"
18-Jan-21,Interest,6,0,"3,493.69"
18-Jan-21,Commission,"77,378.78",0,"80,872.47"
18-Jan-21,Transfer,"28,993.00",0,"109,865.47"
19-Jan-21,Miscellaneous,"1,405.70",0,"111,271.17"
19-Jan-21,Cash,"3,316.60",0,"114,587.77"
19-Jan-21,NEFT,"215,583.20",0,"330,170.97"
20-Jan-21,Debit Card,"7,578.00",0,"337,748.97"
21-Jan-21,IMPS,"102,916.84",0,"440,665.81"
21-Jan-21,Cheque,0,"440,665.81",0
21-Jan-21,Miscellaneous,1.75,0,1.75
21-Jan-21,Bill,0,0.18,1.58
21-Jan-21,NEFT,456.6,0,458.18
21-Jan-21,Reversal,0,57.27,400.91
21-Jan-21,Tax,"1,263,263.20",0,"1,263,664.11"
21-Jan-21,Purchase,"2,846.08",0,"1,266,510.19"
21-Jan-21,Cheque,0,"211,085.03","1,055,425.16"
21-Jan-21,NEFT,0,"105,542.52","949,882.64"
21-Jan-21,Miscellaneous,0,"135,697.52","814,185.12"
22-Jan-21,Debit Card,248.84,0,"814,433.96"
22-Jan-21,Cash,"14,696.00",0,"829,129.96"
22-Jan-21,Bill,"252,094.69",0,"1,081,224.65"
22-Jan-21,Reversal,0,"540,612.33","540,612.32"
22-Jan-21,IMPS,"6,689.48",0,"547,301.80"
22-Jan-21,Cash,0,"109,460.36","437,841.44"
22-Jan-21,Reversal,"2,699.09",0,"440,540.53"
22-Jan-21,Reversal,"141,017.00",0,"581,557.53"
22-Jan-21,RTGS,0,"193,852.51","387,705.02"
22-Jan-21,Debit Card,0,"48,463.13","339,241.89"
22-Jan-21,Commission,0,"113,080.63","226,161.26"
22-Jan-21,IMPS,0,"113,080.63","113,080.63"
22-Jan-21,NEFT,"1,682,197.00",0,"1,795,277.63"
22-Jan-21,Purchase,0,"448,819.41","1,346,458.22"
22-Jan-21,Commission,0,"269,291.64","1,077,166.58"
22-Jan-21,Reversal,490.17,0,"1,077,656.75"
22-Jan-21,Miscellaneous,0,"134,707.09","942,949.66"
22-Jan-21,RTGS,0,"134,707.09","808,242.57"
22-Jan-21,Cheque,"957,601.50",0,"1,765,844.07"
22-Jan-21,Transfer,0,"882,922.04","882,922.04"
22-Jan-21,Debit Card,"1,639,499.00",0,"2,522,421.04"
22-Jan-21,IMPS,0,"280,269.00","2,242,152.04"
22-Jan-21,NEFT,7.7,0,"2,242,159.74"
22-Jan-21,RTGS,0,"560,539.94","1,681,619.81"
22-Jan-21,Miscellaneous,209.7,0,"1,681,829.51"
22-Jan-21,Bill,210,0,"1,682,039.51"
22-Jan-21,Debit Card,0,"168,203.95","1,513,835.56"
22-Jan-21,Reversal,"64,711.00",0,"1,578,546.56"
22-Jan-21,Transfer,0,"225,506.65","1,353,039.91"
22-Jan-21,Purchase,47.4,0,"1,353,087.31"
22-Jan-21,Tax,0,"1,353,087.31",0
22-Jan-21,ATM,16,0,16
22-Jan-21,NEFT,"549,452.00",0,"549,468.00"
22-Jan-21,Debit Card,"2,011.00",0,"551,479.00"
22-Jan-21,Cheque,"36,265.70",0,"587,744.70"
22-Jan-21,IMPS,0,"73,468.09","514,276.61"
22-Jan-21,NEFT,0,"128,569.15","385,707.46"
22-Jan-21,NEFT,1,0,"385,708.46"
22-Jan-21,Interest,"208,209.00",0,"593,917.46"
23-Jan-21,ATM,"1,353,056.00",0,"1,946,973.46"
23-Jan-21,Reversal,"211,192.20",0,"2,158,165.66"
23-Jan-21,Commission,"1,208,861.75",0,"3,367,027.41"
23-Jan-21,Debit Card,0,"420,878.43","2,946,148.98"
23-Jan-21,Reversal,0,"2,946,148.98",0
23-Jan-21,Purchase,44.18,0,44.18
23-Jan-21,Cheque,25.59,0,69.77
23-Jan-21,NEFT,36.78,0,106.55
23-Jan-21,Bill,"167,784.80",0,"167,891.35"
23-Jan-21,Transfer,0,"41,972.84","125,918.51"
23-Jan-21,Purchase,39.4,0,"125,957.91"
23-Jan-21,Miscellaneous,"1,783,801.50",0,"1,909,759.41"
23-Jan-21,Cash,"15,493.00",0,"1,925,252.41"
23-Jan-21,Bill,"264,739.00",0,"2,189,991.41"
23-Jan-21,Cash,19.02,0,"2,190,010.43"
23-Jan-21,Purchase,0,"219,001.04","1,971,009.39"
23-Jan-21,Commission,0,"281,572.77","1,689,436.62"
23-Jan-21,Cheque,0,"187,715.18","1,501,721.44"
23-Jan-21,Interest,52,0,"1,501,773.44"
23-Jan-21,NEFT,0,"250,295.57","1,251,477.87"
23-Jan-21,Miscellaneous,44.4,0,"1,251,522.27"
23-Jan-21,Tax,"41,595.12",0,"1,293,117.39"
23-Jan-21,NEFT,0,"143,679.71","1,149,437.68"
23-Jan-21,Reversal,0,"127,715.30","1,021,722.38"
23-Jan-21,Purchase,"468,626.20",0,"1,490,348.58"
23-Jan-21,Miscellaneous,0,"372,587.15","1,117,761.44"
23-Jan-21,Commission,0,"159,680.21","958,081.23"
23-Jan-21,Cheque,0,"191,616.25","766,464.98"
23-Jan-21,Reversal,121.12,0,"766,586.10"
23-Jan-21,Cheque,0,"127,764.35","638,821.75"
23-Jan-21,Interest,0,"638,821.75",0
23-Jan-21,Transfer,3.16,0,3.16
23-Jan-21,Interest,"703,480.00",0,"703,483.16"
23-Jan-21,RTGS,"1,711.00",0,"705,194.16"
23-Jan-21,Purchase,0,"100,742.02","604,452.14"
24-Jan-21,Interest,1.32,0,"604,453.46"
24-Jan-21,Tax,0,"201,484.49","402,968.97"
24-Jan-21,IMPS,0,"80,593.79","322,375.18"
24-Jan-21,NEFT,6.58,0,"322,381.76"
24-Jan-21,Reversal,54.2,0,"322,435.96"
24-Jan-21,Tax,"195,550.25",0,"517,986.21"
24-Jan-21,Transfer,0,"73,998.03","443,988.18"
24-Jan-21,Miscellaneous,0,"443,988.18",0
24-Jan-21,Commission,"24,301.27",0,"24,301.27"
24-Jan-21,NEFT,"91,448.16",0,"115,749.43"
24-Jan-21,Cash,0,"115,749.43",0
24-Jan-21,Cash,"3,230.22",0,"3,230.22"
24-Jan-21,Bill,"1,793,036.50",0,"1,796,266.72"
24-Jan-21,Tax,"28,953.07",0,"1,825,219.79"
24-Jan-21,Reversal,0,"182,521.98","1,642,697.81"
24-Jan-21,IMPS,0,"182,521.98","1,460,175.83"
24-Jan-21,Cheque,202.5,0,"1,460,378.33"
24-Jan-21,Tax,0,"208,625.48","1,251,752.85"
24-Jan-21,IMPS,441.73,0,"1,252,194.58"
24-Jan-21,Cheque,"202,678.60",0,"1,454,873.18"
24-Jan-21,Bill,0,"484,957.73","969,915.45"
24-Jan-21,Purchase,0,"242,478.86","727,436.59"
24-Jan-21,Miscellaneous,"17,679.90",0,"745,116.49"
25-Jan-21,Debit Card,"1,106,759.80",0,"1,851,876.29"
25-Jan-21,RTGS,0,"264,553.76","1,587,322.53"
25-Jan-21,NEFT,"128,369.70",0,"1,715,692.23"
25-Jan-21,Purchase,0,"214,461.53","1,501,230.70"
25-Jan-21,RTGS,0,"166,803.41","1,334,427.29"
25-Jan-21,Purchase,0,"444,809.10","889,618.19"
25-Jan-21,ATM,0,"222,404.55","667,213.64"
25-Jan-21,Debit Card,405.84,0,"667,619.48"
25-Jan-21,Debit Card,0,"74,179.94","593,439.54"
25-Jan-21,Cash,"3,576.30",0,"597,015.84"
25-Jan-21,Purchase,0,"199,005.28","398,010.56"
25-Jan-21,Purchase,0,"49,751.32","348,259.24"
25-Jan-21,Reversal,"1,404.00",0,"349,663.24"
25-Jan-21,IMPS,12,0,"349,675.24"
25-Jan-21,Reversal,"2,194.00",0,"351,869.24"
25-Jan-21,Tax,0,"87,967.31","263,901.93"
25-Jan-21,Cash,0,"37,700.28","226,201.65"
25-Jan-21,Cash,0,"25,133.52","201,068.13"
25-Jan-21,Cash,0,"25,133.52","175,934.61"
25-Jan-21,ATM,0,"87,967.31","87,967.30"
25-Jan-21,Transfer,52.9,0,"88,020.20"
25-Jan-21,ATM,0,"22,005.05","66,015.15"
25-Jan-21,Reversal,"3,500.43",0,"69,515.58"
25-Jan-21,Cheque,0,"23,171.86","46,343.72"
25-Jan-21,Debit Card,124,0,"46,467.72"
25-Jan-21,NEFT,614.9,0,"47,082.62"
25-Jan-21,Reversal,"2,077,951.00",0,"2,125,033.62"
25-Jan-21,Interest,"17,966.00",0,"2,142,999.62"
25-Jan-21,Interest,0,"1,071,499.81","1,071,499.81"
25-Jan-21,Purchase,"30,587.00",0,"1,102,086.81"
25-Jan-21,Cheque,0,"275,521.70","826,565.11"
26-Jan-21,Transfer,0,"137,760.85","688,804.26"
26-Jan-21,Reversal,"46,687.75",0,"735,492.01"
26-Jan-21,Transfer,0,"147,098.40","588,393.61"
26-Jan-21,NEFT,2,0,"588,395.61"
26-Jan-21,Cash,"1,327,039.00",0,"1,915,434.61"
26-Jan-21,ATM,"81,714.00",0,"1,997,148.61"
26-Jan-21,Transfer,7.96,0,"1,997,156.57"
26-Jan-21,IMPS,238.07,0,"1,997,394.64"
26-Jan-21,Purchase,0,"285,342.09","1,712,052.55"
26-Jan-21,Cash,0,"244,578.94","1,467,473.61"
26-Jan-21,Reversal,"11,869.68",0,"1,479,343.29"
26-Jan-21,ATM,"32,383.00",0,"1,511,726.29"
26-Jan-21,Commission,"16,169.83",0,"1,527,896.12"
26-Jan-21,Interest,364.6,0,"1,528,260.72"
26-Jan-21,RTGS,0,"169,806.75","1,358,453.97"
26-Jan-21,Miscellaneous,"1,274.50",0,"1,359,728.47"
26-Jan-21,Commission,0,"339,932.12","1,019,796.35"
26-Jan-21,Tax,0,"339,932.12","679,864.23"
26-Jan-21,Purchase,0,"679,864.23",0
26-Jan-21,RTGS,1,0,1
26-Jan-21,Commission,0,0.2,0.8
26-Jan-21,Cheque,0,0.09,0.71
27-Jan-21,ATM,0,0.36,0.36
27-Jan-21,ATM,0,0.12,0.24
27-Jan-21,IMPS,27.24,0,27.48
27-Jan-21,Miscellaneous,0,3.44,24.04
27-Jan-21,Tax,0,4.01,20.03
27-Jan-21,ATM,"717,975.00",0,"717,995.03"
27-Jan-21,Bill,0,"71,799.50","646,195.53"
27-Jan-21,Transfer,0,"92,313.65","553,881.88"
27-Jan-21,Purchase,5,0,"553,886.88"
27-Jan-21,Reversal,0,"553,886.88",0
27-Jan-21,Reversal,"247,212.00",0,"247,212.00"
27-Jan-21,Commission,0,"27,468.00","219,744.00"
27-Jan-21,IMPS,0,"36,624.00","183,120.00"
27-Jan-21,Bill,0,"61,040.00","122,080.00"
27-Jan-21,Cash,"239,155.00",0,"361,235.00"
27-Jan-21,Interest,0,"180,617.50","180,617.50"
27-Jan-21,Debit Card,253,0,"180,870.50"
27-Jan-21,Transfer,207,0,"181,077.50"
28-Jan-21,Cash,53.15,0,"181,130.65"
28-Jan-21,Transfer,331,0,"181,461.65"
28-Jan-21,Reversal,5.4,0,"181,467.05"
28-Jan-21,Cash,"308,067.00",0,"489,534.05"
28-Jan-21,Miscellaneous,0,"122,383.51","367,150.54"
28-Jan-21,Bill,0,"52,450.08","314,700.46"
28-Jan-21,Transfer,"21,928.00",0,"336,628.46"
28-Jan-21,Bill,295,0,"336,923.46"
28-Jan-21,Debit Card,0,"112,307.82","224,615.64"
28-Jan-21,RTGS,"15,352.10",0,"239,967.74"
28-Jan-21,Reversal,"1,881,433.50",0,"2,121,401.24"
28-Jan-21,NEFT,0,"212,140.12","1,909,261.12"
28-Jan-21,Miscellaneous,28,0,"1,909,289.12"
28-Jan-21,ATM,0,"238,661.14","1,670,627.98"
28-Jan-21,ATM,0,"167,062.80","1,503,565.18"
28-Jan-21,NEFT,0,"150,356.52","1,353,208.66"
28-Jan-21,Purchase,122,0,"1,353,330.66"
28-Jan-21,Purchase,804.02,0,"1,354,134.68"
28-Jan-21,Miscellaneous,"15,169.74",0,"1,369,304.42"
28-Jan-21,Cash,0,"273,860.88","1,095,443.54"
28-Jan-21,Tax,0,"121,715.95","973,727.59"
28-Jan-21,Bill,0,"324,575.86","649,151.73"
28-Jan-21,NEFT,0,"649,151.73",0
28-Jan-21,Tax,0.6,0,0.6
28-Jan-21,IMPS,81,0,81.6
28-Jan-21,Tax,0,10.2,71.4
28-Jan-21,IMPS,0,7.93,63.47
29-Jan-21,Cheque,12,0,75.47
29-Jan-21,IMPS,0,18.87,56.6
29-Jan-21,Interest,0,18.87,37.73
29-Jan-21,Commission,0,7.55,30.18
29-Jan-21,Interest,0,3.02,27.16
29-Jan-21,Purchase,0,2.72,24.44
29-Jan-21,Tax,0,3.06,21.38
29-Jan-21,ATM,"3,265.05",0,"3,286.43"
29-Jan-21,Reversal,246.9,0,"3,533.33"
29-Jan-21,Bill,"2,050,597.00",0,"2,054,130.33"
29-Jan-21,Cheque,0,"205,413.03","1,848,717.30"
29-Jan-21,Tax,0,"369,743.46","1,478,973.84"
29-Jan-21,Interest,4.9,0,"1,478,978.74"
29-Jan-21,IMPS,52.9,0,"1,479,031.64"
29-Jan-21,Purchase,0,"739,515.82","739,515.82"
29-Jan-21,Debit Card,0,"246,505.27","493,010.55"
29-Jan-21,Purchase,"4,928.50",0,"497,939.05"
29-Jan-21,IMPS,0,"497,939.05",0
29-Jan-21,NEFT,79.8,0,79.8
29-Jan-21,Debit Card,"2,966.70",0,"3,046.50"
29-Jan-21,Transfer,0,507.75,"2,538.75"
29-Jan-21,IMPS,"115,085.00",0,"117,623.75"
29-Jan-21,Bill,"510,241.80",0,"627,865.55"
29-Jan-21,Miscellaneous,266.9,0,"628,132.45"
29-Jan-21,NEFT,0,"209,377.48","418,754.97"
29-Jan-21,Tax,"2,083,601.00",0,"2,502,355.97"
29-Jan-21,ATM,0,"417,059.33","2,085,296.64"
29-Jan-21,Purchase,0.6,0,"2,085,297.24"
29-Jan-21,NEFT,0,"695,099.08","1,390,198.16"
29-Jan-21,Cheque,"32,669.00",0,"1,422,867.16"
29-Jan-21,ATM,0,"284,573.43","1,138,293.73"
29-Jan-21,Tax,0,"1,138,293.73",0
29-Jan-21,Cash,"3,665.00",0,"3,665.00"
29-Jan-21,Reversal,"1,527,111.00",0,"1,530,776.00"
29-Jan-21,Transfer,1.3,0,"1,530,777.30"
29-Jan-21,Bill,0,"218,682.47","1,312,094.83"
29-Jan-21,Purchase,400,0,"1,312,494.83"
29-Jan-21,Tax,"3,764.41",0,"1,316,259.24"
29-Jan-21,NEFT,0,"329,064.81","987,194.43"
29-Jan-21,Purchase,0,"197,438.89","789,755.54"
29-Jan-21,IMPS,"1,561,235.20",0,"2,350,990.74"
29-Jan-21,Tax,"66,751.60",0,"2,417,742.34"
29-Jan-21,Cheque,0,"483,548.47","1,934,193.87"
29-Jan-21,ATM,48.5,0,"1,934,242.37"
29-Jan-21,Miscellaneous,0,"967,121.19","967,121.18"
29-Jan-21,NEFT,"1,831,112.00",0,"2,798,233.18"
29-Jan-21,Interest,202,0,"2,798,435.18"
29-Jan-21,ATM,462.3,0,"2,798,897.48"
29-Jan-21,Cheque,0,"466,482.91","2,332,414.57"
29-Jan-21,Commission,55.42,0,"2,332,469.99"
29-Jan-21,Transfer,"219,676.84",0,"2,552,146.83"
29-Jan-21,Purchase,0,"2,552,146.83",0
29-Jan-21,Miscellaneous,"214,631.50",0,"214,631.50"
29-Jan-21,RTGS,0,"26,828.94","187,802.56"
29-Jan-21,Reversal,0,"26,828.94","160,973.62"
29-Jan-21,IMPS,0,"26,828.94","134,144.68"
29-Jan-21,Bill,0,"44,714.89","89,429.79"
29-Jan-21,Cash,429.46,0,"89,859.25"
29-Jan-21,Interest,0,"29,953.08","59,906.17"
29-Jan-21,Cheque,0,"14,976.54","44,929.63"
29-Jan-21,IMPS,24,0,"44,953.63"
30-Jan-21,Reversal,0,"5,619.20","39,334.43"
30-Jan-21,ATM,"176,728.00",0,"216,062.43"
30-Jan-21,Cheque,406,0,"216,468.43"
30-Jan-21,NEFT,"3,086.10",0,"219,554.53"
30-Jan-21,Reversal,0,"27,444.32","192,110.21"
30-Jan-21,IMPS,"202,046.00",0,"394,156.21"
30-Jan-21,IMPS,402,0,"394,558.21"
30-Jan-21,Miscellaneous,0,"49,319.78","345,238.43"
30-Jan-21,Purchase,"749,482.00",0,"1,094,720.43"
30-Jan-21,RTGS,0,"136,840.05","957,880.38"
30-Jan-21,Tax,"15,411.18",0,"973,291.56"
30-Jan-21,Tax,0,"139,041.65","834,249.91"
30-Jan-21,Commission,56.83,0,"834,306.74"
30-Jan-21,NEFT,0,"119,186.68","715,120.06"
30-Jan-21,Cash,"183,560.80",0,"898,680.86"
30-Jan-21,Transfer,"32,541.70",0,"931,222.56"
30-Jan-21,Tax,"250,272.00",0,"1,181,494.56"
30-Jan-21,Tax,"3,597.60",0,"1,185,092.16"
30-Jan-21,Tax,0,"197,515.36","987,576.80"
30-Jan-21,Purchase,0,"123,447.10","864,129.70"
31-Jan-21,Transfer,393.2,0,"864,522.90"
31-Jan-21,Debit Card,0,"144,087.15","720,435.75"
31-Jan-21,IMPS,5.63,0,"720,441.38"
01-Feb-21,Transfer,"1,215,956.00",0,"1,936,397.38"
01-Feb-21,Interest,0,"1,936,397.38",0
01-Feb-21,Debit Card,14.53,0,14.53
01-Feb-21,Miscellaneous,0,7.27,7.26
02-Feb-21,Cheque,"1,089.50",0,"1,096.76"
02-Feb-21,Bill,0,109.68,987.08
02-Feb-21,Commission,"494,148.80",0,"495,135.88"
02-Feb-21,Bill,0,"70,733.70","424,402.18"
02-Feb-21,Tax,0,"212,201.09","212,201.09"
02-Feb-21,RTGS,1.42,0,"212,202.51"
02-Feb-21,IMPS,131,0,"212,333.51"
02-Feb-21,IMPS,485,0,"212,818.51"
02-Feb-21,Purchase,0,"35,469.75","177,348.76"
02-Feb-21,Transfer,"7,204.00",0,"184,552.76"
03-Feb-21,RTGS,0,"23,069.10","161,483.66"
03-Feb-21,Commission,"2,647.00",0,"164,130.66"
03-Feb-21,Commission,"16,105.00",0,"180,235.66"
03-Feb-21,Miscellaneous,0.47,0,"180,236.13"
03-Feb-21,Transfer,0,"25,748.02","154,488.11"
03-Feb-21,IMPS,"136,644.00",0,"291,132.11"
03-Feb-21,RTGS,0,"291,132.11",0
03-Feb-21,Interest,5.02,0,5.02
03-Feb-21,Cash,"17,649.30",0,"17,654.32"
03-Feb-21,Miscellaneous,"95,902.50",0,"113,556.82"
03-Feb-21,Interest,"1,761,286.20",0,"1,874,843.02"
03-Feb-21,ATM,0,"468,710.76","1,406,132.26"
03-Feb-21,ATM,"104,780.47",0,"1,510,912.73"
03-Feb-21,RTGS,"1,880,761.50",0,"3,391,674.23"
03-Feb-21,Interest,0,"565,279.04","2,826,395.19"
03-Feb-21,Interest,0,"565,279.04","2,261,116.15"
04-Feb-21,Cash,249,0,"2,261,365.15"
04-Feb-21,Debit Card,0,"452,273.03","1,809,092.12"
04-Feb-21,Reversal,4,0,"1,809,096.12"
04-Feb-21,Reversal,"227,229.75",0,"2,036,325.87"
04-Feb-21,Debit Card,"2,718.00",0,"2,039,043.87"
04-Feb-21,Cash,0,"509,760.97","1,529,282.90"
04-Feb-21,RTGS,"264,847.00",0,"1,794,129.90"
04-Feb-21,Transfer,139.16,0,"1,794,269.06"
04-Feb-21,ATM,91.52,0,"1,794,360.58"
04-Feb-21,Reversal,0,"224,295.07","1,570,065.51"
04-Feb-21,Miscellaneous,"535,378.00",0,"2,105,443.51"
04-Feb-21,Tax,"230,588.50",0,"2,336,032.01"
04-Feb-21,Cash,7.2,0,"2,336,039.21"
04-Feb-21,NEFT,0,"778,679.74","1,557,359.47"
04-Feb-21,Reversal,0,"155,735.95","1,401,623.52"
04-Feb-21,Transfer,0,"155,735.95","1,245,887.57"
04-Feb-21,Cheque,0,"124,588.76","1,121,298.81"
04-Feb-21,Interest,"3,988.81",0,"1,125,287.62"
04-Feb-21,Reversal,0,"125,031.96","1,000,255.66"
04-Feb-21,Purchase,"3,163.00",0,"1,003,418.66"
04-Feb-21,Tax,"1,722,358.00",0,"2,725,776.66"
04-Feb-21,IMPS,0,"681,444.17","2,044,332.50"
04-Feb-21,Bill,0,"340,722.08","1,703,610.42"
04-Feb-21,IMPS,0,"567,870.14","1,135,740.28"
04-Feb-21,NEFT,"3,071.20",0,"1,138,811.48"
04-Feb-21,Tax,34.9,0,"1,138,846.38"
04-Feb-21,Reversal,0,"227,769.28","911,077.10"
04-Feb-21,Tax,0,"303,692.37","607,384.73"
04-Feb-21,Transfer,0,"151,846.18","455,538.55"
04-Feb-21,Debit Card,"3,131.03",0,"458,669.58"
04-Feb-21,Cash,0,"57,333.70","401,335.88"
04-Feb-21,Interest,"2,883.40",0,"404,219.28"
04-Feb-21,Purchase,6.5,0,"404,225.78"
04-Feb-21,Commission,191,0,"404,416.78"
04-Feb-21,IMPS,"124,769.00",0,"529,185.78"
04-Feb-21,Tax,483.89,0,"529,669.67"
04-Feb-21,Tax,0,"66,208.71","463,460.96"
04-Feb-21,Purchase,38,0,"463,498.96"
05-Feb-21,RTGS,"17,640.61",0,"481,139.57"
05-Feb-21,Cash,424,0,"481,563.57"
05-Feb-21,Interest,"27,705.80",0,"509,269.37"
05-Feb-21,Tax,0,"127,317.34","381,952.03"
05-Feb-21,Cheque,0,"63,658.67","318,293.36"
05-Feb-21,Debit Card,0,"45,470.48","272,822.88"
06-Feb-21,Debit Card,189.75,0,"273,012.63"
06-Feb-21,Purchase,0,"68,253.16","204,759.47"
06-Feb-21,Cheque,"4,193.21",0,"208,952.68"
06-Feb-21,Interest,0,"52,238.17","156,714.51"
06-Feb-21,Miscellaneous,0,0,"156,714.51"
06-Feb-21,Commission,4.14,0,"156,718.65"
06-Feb-21,Reversal,4.26,0,"156,722.91"
06-Feb-21,Debit Card,"521,266.00",0,"677,988.91"
06-Feb-21,ATM,0,"67,798.89","610,190.02"
06-Feb-21,IMPS,0,"67,798.89","542,391.13"
06-Feb-21,Interest,0,"542,391.13",0
06-Feb-21,ATM,218,0,218
06-Feb-21,Bill,0,0,218
06-Feb-21,NEFT,"31,021.23",0,"31,239.23"
06-Feb-21,Cheque,"155,942.78",0,"187,182.01"
06-Feb-21,Reversal,"1,172,520.00",0,"1,359,702.01"
06-Feb-21,Reversal,266,0,"1,359,968.01"
06-Feb-21,Bill,450.1,0,"1,360,418.11"
06-Feb-21,IMPS,0,"1,360,418.11",0
06-Feb-21,Commission,1.9,0,1.9
07-Feb-21,IMPS,0,0.38,1.52
07-Feb-21,Cheque,2,0,3.52
07-Feb-21,Debit Card,1,0,4.52
07-Feb-21,Commission,4.06,0,8.58
08-Feb-21,Cash,0,4.29,4.29
08-Feb-21,Debit Card,0,0.48,3.81
08-Feb-21,Miscellaneous,0,1.27,2.54
08-Feb-21,Purchase,0,0.64,1.9
08-Feb-21,Transfer,504.78,0,506.68
08-Feb-21,Interest,0,168.89,337.79
08-Feb-21,Bill,0,42.22,295.57
09-Feb-21,Tax,0,98.52,197.05
09-Feb-21,NEFT,26,0,223.05
09-Feb-21,Reversal,0,111.53,111.52
09-Feb-21,Reversal,"25,703.58",0,"25,815.10"
09-Feb-21,Commission,0,"4,302.52","21,512.58"
09-Feb-21,Commission,0,"2,390.29","19,122.29"
09-Feb-21,Reversal,0,"19,122.29",0
09-Feb-21,Bill,"1,243.00",0,"1,243.00"
09-Feb-21,Purchase,0,414.33,828.67
09-Feb-21,IMPS,0,82.87,745.8
09-Feb-21,ATM,0,124.3,621.5
09-Feb-21,Tax,13.22,0,634.72
09-Feb-21,ATM,"32,293.00",0,"32,927.72"
09-Feb-21,Debit Card,2,0,"32,929.72"
09-Feb-21,RTGS,565,0,"33,494.72"
09-Feb-21,ATM,103.2,0,"33,597.92"
09-Feb-21,RTGS,434.5,0,"34,032.42"
09-Feb-21,Purchase,316.48,0,"34,348.90"
09-Feb-21,Bill,0,"3,434.89","30,914.01"
09-Feb-21,ATM,0,"10,304.67","20,609.34"
09-Feb-21,Bill,"26,729.70",0,"47,339.04"
09-Feb-21,Purchase,6,0,"47,345.04"
09-Feb-21,Tax,0,"5,918.13","41,426.91"
09-Feb-21,Miscellaneous,0,"13,808.97","27,617.94"
09-Feb-21,Cheque,0,"3,452.24","24,165.70"
09-Feb-21,Debit Card,0,"3,020.71","21,144.99"
09-Feb-21,Reversal,"195,770.94",0,"216,915.93"
09-Feb-21,Purchase,0,"216,915.93",0
09-Feb-21,Cheque,40.5,0,40.5
09-Feb-21,Miscellaneous,"1,433.30",0,"1,473.80"
09-Feb-21,Commission,0,736.9,736.9
09-Feb-21,RTGS,0,122.82,614.08
09-Feb-21,Cheque,"1,798.00",0,"2,412.08"
09-Feb-21,Tax,0,301.51,"2,110.57"
10-Feb-21,Cheque,0,703.52,"1,407.05"
10-Feb-21,Transfer,43.53,0,"1,450.58"
10-Feb-21,Cheque,118.02,0,"1,568.60"
10-Feb-21,Purchase,0,156.86,"1,411.74"
11-Feb-21,Tax,2.01,0,"1,413.75"
11-Feb-21,Interest,0,141.38,"1,272.38"
11-Feb-21,IMPS,3.9,0,"1,276.28"
11-Feb-21,Reversal,0,319.07,957.21
11-Feb-21,Purchase,0,239.3,717.91
11-Feb-21,Debit Card,"25,537.00",0,"26,254.91"
11-Feb-21,Cheque,5.21,0,"26,260.12"
11-Feb-21,Bill,0,"2,626.01","23,634.11"
11-Feb-21,Cheque,"1,888.00",0,"25,522.11"
11-Feb-21,Miscellaneous,0,"5,104.42","20,417.69"
12-Feb-21,NEFT,5,0,"20,422.69"
12-Feb-21,Interest,"1,675.40",0,"22,098.09"
12-Feb-21,Interest,0,"2,455.34","19,642.75"
12-Feb-21,Commission,0,"19,642.75",0
12-Feb-21,Miscellaneous,"393,283.00",0,"393,283.00"
12-Feb-21,Reversal,0,"39,328.30","353,954.70"
12-Feb-21,NEFT,0,"88,488.68","265,466.03"
12-Feb-21,Bill,"132,441.50",0,"397,907.53"
12-Feb-21,ATM,0,"56,843.93","341,063.60"
12-Feb-21,Bill,2,0,"341,065.60"
12-Feb-21,Purchase,0.78,0,"341,066.38"
12-Feb-21,Cheque,4.68,0,"341,071.06"
12-Feb-21,Reversal,0,"85,267.77","255,803.30"
12-Feb-21,ATM,"2,816.00",0,"258,619.30"
12-Feb-21,Tax,0,"28,735.48","229,883.82"
12-Feb-21,NEFT,0,"28,735.48","201,148.34"
12-Feb-21,Miscellaneous,0,"20,114.83","181,033.51"
12-Feb-21,Miscellaneous,89,0,"181,122.51"
12-Feb-21,Reversal,"1,139,909.50",0,"1,321,032.01"
12-Feb-21,ATM,0,"220,172.00","1,100,860.01"
12-Feb-21,ATM,"1,000.73",0,"1,101,860.74"
12-Feb-21,Tax,150.16,0,"1,102,010.90"
13-Feb-21,Reversal,0,"110,201.09","991,809.81"
13-Feb-21,Cheque,0.75,0,"991,810.56"
13-Feb-21,RTGS,0,"123,976.32","867,834.24"
13-Feb-21,RTGS,0,"867,834.24",0
13-Feb-21,ATM,470.8,0,470.8
13-Feb-21,Reversal,0,78.47,392.33
13-Feb-21,RTGS,708.45,0,"1,100.78"
13-Feb-21,Commission,0,"1,100.78",0
13-Feb-21,Reversal,299,0,299
13-Feb-21,Cheque,0,42.71,256.29
13-Feb-21,Transfer,409.92,0,666.21
13-Feb-21,NEFT,0,95.17,571.04
13-Feb-21,Reversal,0,190.35,380.69
13-Feb-21,Reversal,"7,795.52",0,"8,176.21"
13-Feb-21,Bill,0,"4,088.11","4,088.10"
13-Feb-21,Cheque,0,584.01,"3,504.09"
13-Feb-21,Interest,"1,724,460.50",0,"1,727,964.59"
13-Feb-21,Commission,0,"215,995.57","1,511,969.02"
13-Feb-21,Transfer,0,"1,511,969.02",0
13-Feb-21,Purchase,"77,372.22",0,"77,372.22"
13-Feb-21,Reversal,0,"11,053.17","66,319.05"
13-Feb-21,ATM,0,"8,289.88","58,029.17"
13-Feb-21,Bill,"11,943.30",0,"69,972.47"
13-Feb-21,Purchase,0,"8,746.56","61,225.91"
13-Feb-21,Transfer,0,"61,225.91",0
13-Feb-21,Reversal,8,0,8
13-Feb-21,ATM,0,1.33,6.67
13-Feb-21,Reversal,0,1.33,5.34
13-Feb-21,Cheque,0,0.76,4.58
13-Feb-21,IMPS,1.5,0,6.08
13-Feb-21,Transfer,0,0.76,5.32
13-Feb-21,Debit Card,0,0.89,4.43
13-Feb-21,NEFT,434.96,0,439.39
13-Feb-21,IMPS,"160,566.00",0,"161,005.39"
14-Feb-21,Bill,"25,598.00",0,"186,603.39"
14-Feb-21,Miscellaneous,0,"26,657.63","159,945.76"
14-Feb-21,Reversal,0,"159,945.76",0
14-Feb-21,Tax,1.64,0,1.64
14-Feb-21,ATM,0,0.41,1.23
14-Feb-21,RTGS,0,0.41,0.82
14-Feb-21,RTGS,0,0.14,0.68
14-Feb-21,IMPS,0,0.17,0.51
14-Feb-21,Cash,0,0.1,0.41
14-Feb-21,Reversal,0,0.41,0
14-Feb-21,Commission,413.92,0,413.92
14-Feb-21,Debit Card,0,68.99,344.93
14-Feb-21,ATM,0,86.23,258.7
14-Feb-21,Transfer,0,43.12,215.58
14-Feb-21,Commission,"1,820,804.50",0,"1,821,020.08"
14-Feb-21,IMPS,0,"227,627.51","1,593,392.57"
14-Feb-21,Debit Card,0,"318,678.51","1,274,714.06"
14-Feb-21,Interest,6.09,0,"1,274,720.15"
14-Feb-21,Bill,0.8,0,"1,274,720.95"
15-Feb-21,Commission,0,"637,360.48","637,360.48"
15-Feb-21,Cheque,"1,340.83",0,"638,701.31"
15-Feb-21,Tax,"1,162.50",0,"639,863.81"
15-Feb-21,Tax,4.35,0,"639,868.16"
15-Feb-21,Transfer,0,"159,967.04","479,901.12"
15-Feb-21,RTGS,0,"47,990.11","431,911.01"
15-Feb-21,NEFT,0,"143,970.34","287,940.67"
15-Feb-21,IMPS,0,"57,588.13","230,352.54"
15-Feb-21,Transfer,0,"57,588.14","172,764.40"
15-Feb-21,ATM,0,"86,382.20","86,382.20"
15-Feb-21,Tax,"1,733.00",0,"88,115.20"
15-Feb-21,Tax,0,"11,014.40","77,100.80"
15-Feb-21,IMPS,"56,329.00",0,"133,429.80"
15-Feb-21,Cash,"84,173.20",0,"217,603.00"
15-Feb-21,Cheque,495.26,0,"218,098.26"
15-Feb-21,IMPS,0,"36,349.71","181,748.55"
15-Feb-21,NEFT,"18,284.00",0,"200,032.55"
15-Feb-21,Cheque,"25,762.30",0,"225,794.85"
15-Feb-21,NEFT,0,"56,448.71","169,346.14"
15-Feb-21,Commission,387.69,0,"169,733.83"
15-Feb-21,RTGS,0,"42,433.46","127,300.37"
15-Feb-21,NEFT,0,"42,433.46","84,866.91"
15-Feb-21,ATM,0,"16,973.38","67,893.53"
15-Feb-21,Debit Card,0,"13,578.71","54,314.82"
15-Feb-21,Cash,0,"7,759.26","46,555.56"
15-Feb-21,Tax,"148,537.40",0,"195,092.96"
15-Feb-21,NEFT,"158,135.80",0,"353,228.76"
15-Feb-21,ATM,2,0,"353,230.76"
15-Feb-21,Miscellaneous,"41,042.53",0,"394,273.29"
15-Feb-21,IMPS,6,0,"394,279.29"
15-Feb-21,Miscellaneous,0,"98,569.82","295,709.47"
15-Feb-21,Purchase,130.7,0,"295,840.17"
15-Feb-21,Bill,0,"49,306.70","246,533.47"
15-Feb-21,Transfer,"5,680.10",0,"252,213.57"
15-Feb-21,Cash,0,"252,213.57",0
15-Feb-21,NEFT,"148,786.50",0,"148,786.50"
15-Feb-21,IMPS,"77,935.30",0,"226,721.80"
15-Feb-21,Purchase,58,0,"226,779.80"
15-Feb-21,Commission,0,"56,694.95","170,084.85"
15-Feb-21,RTGS,4.5,0,"170,089.35"
15-Feb-21,Cheque,0,"24,298.48","145,790.87"
15-Feb-21,Purchase,0,"14,579.09","131,211.78"
15-Feb-21,Reversal,0,"16,401.47","114,810.31"
15-Feb-21,Interest,2,0,"114,812.31"
15-Feb-21,Interest,0,"16,401.76","98,410.55"
15-Feb-21,Commission,506.6,0,"98,917.15"
15-Feb-21,Purchase,1,0,"98,918.15"
15-Feb-21,Cash,0,"98,918.15",0
15-Feb-21,Cash,"11,066.10",0,"11,066.10"
15-Feb-21,Commission,0,"2,766.53","8,299.58"
15-Feb-21,Debit Card,"32,436.00",0,"40,735.58"
16-Feb-21,RTGS,"86,316.00",0,"127,051.58"
16-Feb-21,NEFT,"92,312.80",0,"219,364.38"
16-Feb-21,NEFT,0,"219,364.38",0
16-Feb-21,Debit Card,"1,041,187.80",0,"1,041,187.80"
16-Feb-21,Interest,"198,063.20",0,"1,239,251.00"
16-Feb-21,Cash,0,"247,850.20","991,400.80"
16-Feb-21,Bill,0,"141,628.69","849,772.11"
16-Feb-21,Tax,0,"212,443.03","637,329.08"
16-Feb-21,Bill,0,"79,666.14","557,662.94"
16-Feb-21,IMPS,404.3,0,"558,067.24"
16-Feb-21,RTGS,47,0,"558,114.24"
16-Feb-21,Reversal,53,0,"558,167.24"
16-Feb-21,IMPS,"221,202.00",0,"779,369.24"
17-Feb-21,NEFT,0,"86,596.58","692,772.66"
17-Feb-21,ATM,0,"346,386.33","346,386.33"
17-Feb-21,RTGS,"25,380.40",0,"371,766.73"
17-Feb-21,Tax,0,"92,941.68","278,825.05"
17-Feb-21,Interest,0,"46,470.84","232,354.21"
17-Feb-21,ATM,0,"77,451.40","154,902.81"
17-Feb-21,NEFT,0,"25,817.14","129,085.68"
17-Feb-21,NEFT,"214,596.70",0,"343,682.38"
17-Feb-21,ATM,8,0,"343,690.38"
17-Feb-21,Commission,7.36,0,"343,697.74"
17-Feb-21,Tax,101.2,0,"343,798.94"
17-Feb-21,ATM,"765,024.50",0,"1,108,823.44"
17-Feb-21,IMPS,0,"158,403.35","950,420.09"
17-Feb-21,Cash,"3,846.05",0,"954,266.14"
17-Feb-21,Debit Card,"8,514.84",0,"962,780.98"
17-Feb-21,Interest,0,"192,556.20","770,224.78"
17-Feb-21,Commission,0,"256,741.59","513,483.19"
17-Feb-21,Cheque,6.6,0,"513,489.79"
17-Feb-21,Bill,"32,445.00",0,"545,934.79"
17-Feb-21,NEFT,0,"545,934.79",0
17-Feb-21,Cash,"279,902.20",0,"279,902.20"
17-Feb-21,ATM,0,"46,650.37","233,251.83"
17-Feb-21,IMPS,0,"23,325.18","209,926.65"
17-Feb-21,IMPS,"2,456.00",0,"212,382.65"
17-Feb-21,Reversal,0,"35,397.11","176,985.54"
18-Feb-21,Reversal,0,"58,995.18","117,990.36"
18-Feb-21,Transfer,"2,974.97",0,"120,965.33"
18-Feb-21,Reversal,0.4,0,"120,965.73"
18-Feb-21,IMPS,0,"30,241.43","90,724.30"
18-Feb-21,NEFT,0,"90,724.30",0
18-Feb-21,NEFT,"30,745.00",0,"30,745.00"
18-Feb-21,Reversal,39.48,0,"30,784.48"
18-Feb-21,Purchase,45,0,"30,829.48"
18-Feb-21,NEFT,"2,477.00",0,"33,306.48"
18-Feb-21,Tax,0,"11,102.16","22,204.32"
18-Feb-21,Bill,"6,855.54",0,"29,059.86"
18-Feb-21,Commission,"99,498.25",0,"128,558.11"
18-Feb-21,Debit Card,"2,408.70",0,"130,966.81"
18-Feb-21,RTGS,0,"21,827.80","109,139.01"
18-Feb-21,IMPS,0,"10,913.90","98,225.11"
18-Feb-21,Debit Card,0,"98,225.11",0
18-Feb-21,Interest,"213,612.90",0,"213,612.90"
18-Feb-21,Interest,295.19,0,"213,908.09"
18-Feb-21,Miscellaneous,40.63,0,"213,948.72"
18-Feb-21,Reversal,10,0,"213,958.72"
18-Feb-21,Miscellaneous,"2,117.00",0,"216,075.72"
18-Feb-21,Purchase,0,"43,215.14","172,860.58"
18-Feb-21,Cheque,0,"43,215.15","129,645.44"
18-Feb-21,ATM,0,"64,822.72","64,822.72"
18-Feb-21,Tax,7,0,"64,829.72"
18-Feb-21,Bill,5.7,0,"64,835.42"
18-Feb-21,Miscellaneous,"1,433,102.00",0,"1,497,937.42"
18-Feb-21,Tax,"1,783.00",0,"1,499,720.42"
18-Feb-21,Reversal,0,"249,953.40","1,249,767.02"
18-Feb-21,Bill,44.4,0,"1,249,811.42"
18-Feb-21,Tax,0,"178,544.49","1,071,266.93"
18-Feb-21,Bill,"1,585,369.00",0,"2,656,635.93"
18-Feb-21,Debit Card,0,"2,656,635.93",0
18-Feb-21,Miscellaneous,175.1,0,175.1
18-Feb-21,Interest,0,17.51,157.59
18-Feb-21,Bill,44,0,201.59
18-Feb-21,IMPS,0,33.6,167.99
18-Feb-21,Miscellaneous,"1,735.70",0,"1,903.69"
18-Feb-21,Commission,21,0,"1,924.69"
18-Feb-21,IMPS,7,0,"1,931.69"
18-Feb-21,Debit Card,0,193.17,"1,738.52"
18-Feb-21,Bill,"41,897.59",0,"43,636.11"
18-Feb-21,Interest,2.57,0,"43,638.68"
18-Feb-21,RTGS,0,"10,909.67","32,729.01"
18-Feb-21,ATM,0,"4,091.13","28,637.88"
18-Feb-21,Transfer,6,0,"28,643.88"
18-Feb-21,Purchase,0,"4,091.98","24,551.90"
18-Feb-21,Interest,"21,275.00",0,"45,826.90"
18-Feb-21,Transfer,0,"11,456.73","34,370.18"
18-Feb-21,Commission,0,"4,910.03","29,460.15"
18-Feb-21,Bill,0,"3,273.35","26,186.80"
18-Feb-21,Debit Card,3.6,0,"26,190.40"
18-Feb-21,IMPS,"2,488.89",0,"28,679.29"
18-Feb-21,Bill,214.2,0,"28,893.49"
18-Feb-21,NEFT,0,"4,815.58","24,077.91"
18-Feb-21,RTGS,0,"3,009.74","21,068.17"
18-Feb-21,Cash,"1,188.00",0,"22,256.17"
18-Feb-21,Commission,2.34,0,"22,258.51"
18-Feb-21,NEFT,494.3,0,"22,752.81"
18-Feb-21,Commission,0,"22,752.81",0
18-Feb-21,Miscellaneous,352.73,0,352.73
18-Feb-21,Interest,0,88.18,264.55
18-Feb-21,Cash,0,33.07,231.48
18-Feb-21,ATM,"1,787,505.25",0,"1,787,736.73"
18-Feb-21,ATM,676.7,0,"1,788,413.43"
18-Feb-21,IMPS,"4,071.06",0,"1,792,484.49"
18-Feb-21,Miscellaneous,"440,892.00",0,"2,233,376.49"
18-Feb-21,Transfer,"916,724.20",0,"3,150,100.69"
18-Feb-21,Bill,"250,246.75",0,"3,400,347.44"
18-Feb-21,Bill,"10,254.20",0,"3,410,601.64"
18-Feb-21,Reversal,0,"426,325.21","2,984,276.44"
18-Feb-21,ATM,2.9,0,"2,984,279.34"
18-Feb-21,Cash,0,"1,492,139.67","1,492,139.67"
18-Feb-21,ATM,"656,229.00",0,"2,148,368.67"
18-Feb-21,Miscellaneous,0,"429,673.73","1,718,694.94"
18-Feb-21,IMPS,0,"429,673.74","1,289,021.20"
18-Feb-21,Transfer,36.65,0,"1,289,057.85"
18-Feb-21,Commission,7.9,0,"1,289,065.75"
18-Feb-21,Bill,0,"143,229.53","1,145,836.22"
18-Feb-21,Tax,0,"229,167.24","916,668.98"
18-Feb-21,RTGS,0,"229,167.25","687,501.74"
18-Feb-21,Bill,"2,220.67",0,"689,722.41"
18-Feb-21,Transfer,"215,597.10",0,"905,319.51"
18-Feb-21,Commission,0,"113,164.94","792,154.57"
18-Feb-21,Debit Card,0,"79,215.46","712,939.11"
18-Feb-21,Transfer,56.3,0,"712,995.41"
18-Feb-21,Miscellaneous,0,"89,124.43","623,870.98"
18-Feb-21,ATM,0,"77,983.87","545,887.11"
18-Feb-21,Transfer,413,0,"546,300.11"
18-Feb-21,Miscellaneous,0,"91,050.02","455,250.09"
18-Feb-21,Transfer,0,"65,035.73","390,214.36"
18-Feb-21,Bill,0,"55,744.91","334,469.45"
18-Feb-21,ATM,6.3,0,"334,475.75"
18-Feb-21,IMPS,0,"47,782.25","286,693.50"
18-Feb-21,RTGS,"161,115.19",0,"447,808.69"
18-Feb-21,Bill,0,"74,634.78","373,173.91"
18-Feb-21,Interest,"1,560,323.00",0,"1,933,496.91"
18-Feb-21,Commission,"113,223.00",0,"2,046,719.91"
18-Feb-21,Debit Card,0,"341,119.99","1,705,599.92"
18-Feb-21,ATM,"105,458.00",0,"1,811,057.92"
18-Feb-21,Interest,496.94,0,"1,811,554.86"
18-Feb-21,Transfer,4,0,"1,811,558.86"
18-Feb-21,Reversal,"2,226.97",0,"1,813,785.83"
18-Feb-21,Transfer,0,"181,378.58","1,632,407.25"
18-Feb-21,Miscellaneous,"23,427.00",0,"1,655,834.25"
18-Feb-21,Debit Card,3.52,0,"1,655,837.77"
18-Feb-21,Reversal,194,0,"1,656,031.77"
18-Feb-21,ATM,0,"207,003.97","1,449,027.80"
18-Feb-21,Cash,0,"207,003.97","1,242,023.83"
18-Feb-21,RTGS,0,"124,202.38","1,117,821.45"
18-Feb-21,NEFT,0,"1,117,821.45",0
18-Feb-21,Tax,"1,056.90",0,"1,056.90"
18-Feb-21,Reversal,0,176.15,880.75
18-Feb-21,Transfer,348.2,0,"1,228.95"
18-Feb-21,Commission,122.9,0,"1,351.85"
18-Feb-21,Tax,"2,343.90",0,"3,695.75"
18-Feb-21,ATM,"685,946.00",0,"689,641.75"
18-Feb-21,Bill,"1,250,581.80",0,"1,940,223.55"
18-Feb-21,Transfer,0,"215,580.39","1,724,643.16"
18-Feb-21,NEFT,"1,861,755.25",0,"3,586,398.41"
18-Feb-21,Debit Card,11.56,0,"3,586,409.97"
19-Feb-21,Commission,0,"717,281.99","2,869,127.98"
19-Feb-21,Reversal,0,"573,825.60","2,295,302.38"
19-Feb-21,Interest,"31,582.97",0,"2,326,885.35"
19-Feb-21,Cash,0,"387,814.23","1,939,071.12"
19-Feb-21,NEFT,0,"387,814.22","1,551,256.90"
19-Feb-21,RTGS,"1,986,097.50",0,"3,537,354.40"
19-Feb-21,RTGS,0,"505,336.34","3,032,018.06"
19-Feb-21,Bill,0,"3,032,018.06",0
19-Feb-21,ATM,"851,534.75",0,"851,534.75"
19-Feb-21,ATM,"24,011.70",0,"875,546.45"
19-Feb-21,Miscellaneous,21,0,"875,567.45"
19-Feb-21,RTGS,"784,870.00",0,"1,660,437.45"
19-Feb-21,Reversal,0,"237,205.35","1,423,232.10"
19-Feb-21,Purchase,0,"237,205.35","1,186,026.75"
19-Feb-21,RTGS,0,"197,671.13","988,355.62"
19-Feb-21,Cash,0,"164,725.94","823,629.68"
19-Feb-21,Cheque,"608,149.00",0,"1,431,778.68"
19-Feb-21,IMPS,"1,731,394.50",0,"3,163,173.18"
20-Feb-21,Reversal,"1,204.00",0,"3,164,377.18"
20-Feb-21,Cheque,"3,514.40",0,"3,167,891.58"
20-Feb-21,Reversal,0,"395,986.45","2,771,905.13"
20-Feb-21,IMPS,"5,211.46",0,"2,777,116.59"
20-Feb-21,Bill,51,0,"2,777,167.59"
20-Feb-21,Reversal,"1,223,367.00",0,"4,000,534.59"
20-Feb-21,Bill,"53,355.30",0,"4,053,889.89"
20-Feb-21,Commission,0,"450,432.21","3,603,457.68"
20-Feb-21,RTGS,0,"450,432.21","3,153,025.47"
20-Feb-21,IMPS,0,"630,605.09","2,522,420.38"
20-Feb-21,Transfer,0,"630,605.10","1,891,815.28"
20-Feb-21,Transfer,0,"378,363.06","1,513,452.22"
20-Feb-21,IMPS,"256,386.41",0,"1,769,838.63"
20-Feb-21,Bill,"336,765.00",0,"2,106,603.63"
21-Feb-21,Debit Card,3.77,0,"2,106,607.40"
21-Feb-21,Bill,0,"702,202.47","1,404,404.93"
21-Feb-21,Cheque,"27,777.00",0,"1,432,181.93"
21-Feb-21,NEFT,"3,423.00",0,"1,435,604.93"
21-Feb-21,NEFT,0,"358,901.23","1,076,703.70"
21-Feb-21,ATM,0,"179,450.62","897,253.08"
21-Feb-21,Purchase,"216,807.00",0,"1,114,060.08"
21-Feb-21,RTGS,0,"185,676.68","928,383.40"
21-Feb-21,NEFT,0,"132,626.20","795,757.20"
21-Feb-21,Reversal,32,0,"795,789.20"
21-Feb-21,Transfer,7.65,0,"795,796.85"
21-Feb-21,Bill,"30,003.00",0,"825,799.85"
21-Feb-21,Transfer,0,"412,899.93","412,899.92"
21-Feb-21,Tax,"2,052.31",0,"414,952.23"
21-Feb-21,IMPS,0,"103,738.06","311,214.17"
21-Feb-21,Bill,"1,484.20",0,"312,698.37"
21-Feb-21,Miscellaneous,0,"44,671.20","268,027.17"
21-Feb-21,Cheque,281.9,0,"268,309.07"
21-Feb-21,Transfer,6,0,"268,315.07"
21-Feb-21,Reversal,"3,536.90",0,"271,851.97"
